2975 4825
424 234 505 292 50

594 405 831 470 Versus
878 404 1140 489 denique
1186 412 1308 470 801

440 531 449 538 ·
505 506 896 589 χεύαντες
941 507 1029 573 δὲ
1062 507 1152 574 τὸ
1198 512 1412 594 σῆμα
1454 508 1707 576 πάλιν
1752 506 1939 575 κίον
1964 532 1980 546 ·
2032 503 2285 600 αὖτὰρ
2336 508 2650 578 {decta

421 613 659 695 petitus
709 615 806 678 est
852 633 924 678 ex
970 614 1187 678 eadem
1232 616 1440 698 rhapS.
1510 617 1576 677 Ψ
1617 635 1673 680 v.
1723 621 1880 690 257;
1939 616 2126 681 modo
2175 618 2294 681 hoc
2336 617 2473 681 loco
2497 637 2647 699 ,pro

420 716 692 782 Achillis
737 718 987 781 nomine
1034 717 1173 784 adv.
1220 714 1452 784 {hecra
1496 718 1911 784 substitutum
1957 720 2073 784 est.
2693 707 2721 755 ‘³'

596 908 734 972 Iam
778 907 932 971 satis
978 908 1120 971 dixi.
1213 906 1458 972 Vides
1506 910 1854 989 quantus
1900 908 2014 972 sit
2057 927 2426 974 numerus
2464 910 2644 974 ite-

419 1013 811 1088 ratorum3
870 1030 1193 1093 quorum
1252 1010 1416 1075 alia
1478 1012 2024 1095 maximopere
2081 1012 2516 1077 offendunt
2562 1014 2644 1077 et

420 1115 854 1180 manifesta
895 1115 1371 1181 imitationis
1420 1114 1760 1200 vestigia
1798 1134 1977 1198 prae
2024 1134 2099 1180 se
2146 1115 2429 1192 ferunt,
2478 1117 2643 1181 alia

419 1220 660 1303 plane
706 1218 1075 1301 legitima
1119 1219 1333 1296 sunt,
1375 1218 1622 1282 multa
1671 1238 1756 1282 ex
1801 1219 2054 1283 Iliade
2104 1223 2388 1296 sumta,
2437 1205 2642 1284 haull

420 1343 679 1408 pauca
727 1324 974 1387 etiam
1015 1341 1102 1386 ex
1150 1321 1405 1415 Qdyss
1426 1341 1458 1386 e
1480 1342 1535 1386 a.
1624 1321 1844 1405 Neque
1891 1341 2136 1405 semper
2182 1323 2400 1388 eodem
2444 1342 2641 1387 sensu

425 1447 500 1491 ea
541 1427 692 1491 licet
735 1426 1014 1508 accipere
1062 1428 1249 1507 atque
1305 1425 1384 1490 iis
1428 1425 1582 1489 locis
1627 1425 1905 1509 intelligi
1962 1425 2189 1491 debent
2244 1427 2407 1491 unde
2450 1427 2639 1492 huius

420 1531 568 1595 libri
611 1532 796 1611 poeta
841 1550 916 1594 ea
957 1528 1215 1612 petivit,
1262 1548 1462 1611 neque
1509 1548 1753 1612 semper
1798 1529 1951 1593 satis
1992 1531 2134 1613 apte
2178 1530 2348 1594 facta
2387 1530 2639 1594 videtur

421 1634 688 1698 iteratio,
781 1632 1210 1715 Aliquotie
1231 1652 1259 1696 s
1301 1633 1447 1696 duo
1496 1633 1623 1696 vel
1665 1632 1887 1714 plure
1908 1651 1937 1696 s
1980 1632 2145 1697 loci
2189 1634 2412 1715 quasi
2457 1652 2636 1698 con-

423 1736 823 1821 glutinati
869 1755 898 1799 s
917 1756 1013 1799 un
1031 1737 1078 1799 t.
1167 1737 1291 1799 Hic
1318 1736 1685 1801 iterationes
1717 1737 2088 1813 crebriores,
2132 1736 2264 1799 illic
2293 1737 2638 1819 parciores:

419 1841 524 1905 hic
570 1858 785 1904 versus
828 1857 1024 1923 paene
1070 1838 1303 1921 integn‘
1331 1838 1625 1903 translati
1667 1841 1846 1916 sunt,
1889 1839 2021 1903 fflic
2048 1839 2348 1904 nonnulla
2386 1842 2641 1904 tantum

422 1942 724 2009 vocabula
744 1994 758 2022 ‚
816 1961 977 2025 quae
1035 1961 1218 2024 saepe
1272 1941 1468 2006 nihilo
1540 1944 1751 2006 tamen
1804 1944 2008 2008 secius
2049 1943 2382 2007 manifesta
2422 1943 2639 2007 imita-

423 2047 611 2112 tionis
658 2047 839 2130 signa
895 2066 1042 2127 prae
1103 2065 1170 2122 se
1228 2046 1456 2110 ferunt.
1549 2045 1864 2109 Plurimae
1922 2046 2286 2111 iterationes
2343 2047 2562 2111 extant
2603 2066 2643 2110 a

422 2169 607 2216 versu
640 2147 868 2214 300——
892 2156 1020 2213 400
1067 2169 1181 2215 nec
1226 2150 1426 2214 multo
1468 2149 1743 2213 minores
1793 2170 1830 2213 a
1869 2169 1927 2213 v.
1963 2155 2351 2228 eoo—700.
2442 2149 2643 2232 Saepe

421 2256 610 2336 poeta
669 2255 836 2318 totos
883 2254 1085 2331 locos,
1159 2255 1380 2337 quibus
1442 2253 1679 2317 similes
1727 2272 1827 2317 res
1887 2252 2235 2335 descriptae
2294 2254 2504 2332 erant,
2573 2254 2645 2318 in

423 2376 608 2422 suum
653 2376 838 2422 usum
875 2359 1203 2424 convertit.

595 2568 659 2620 V.
684 2568 787 2624 802
825 2567 885 2622 εὖ
929 2567 1384 2641 συναγειρόμενοι
1423 2568 1663 2623 δαίνυντ’
1707 2569 1960 2639 ἐρικυδέα
1999 2570 2167 2621 δαῖτα

424 2653 772 2708 conferendus
808 2656 895 2708 est
929 2671 979 2709 v.
1005 2656 1107 2709 687
1145 2655 1323 2724 rhaps.
1361 2660 1414 2708 A
1915 2646 1920 2650 ⁴

770 2744 827 2792 οἱ
865 2740 928 2793 δὲ
969 2738 1379 2811 συναγρόμενοι
1420 2743 1648 2792 Πυλίων
1685 2737 1943 2810 ἡγήτορες
1976 2737 2170 2810 ἄνδρες

773 2826 1085 2897 δαίτρευον.
1123 2855 1191 2866 —-
