2975 4825
411 307 490 366 32

407 474 716 550 sedere3
767 472 865 536 est
905 469 1224 554 profectus
1264 487 1304 532 a
1345 487 1537 533 manu
1578 470 1872 553 rhapsodi
1920 470 2024 553 qui
2065 470 2186 535 hoc
2227 471 2367 537 loco
2414 465 2639 537 Auto-

404 578 763 642 medontem
818 577 882 641 et
924 573 1246 639 Alcimum
1286 571 1535 638 silentio
1578 571 1998 656 praetermitti
2040 574 2406 640 mirabatur.
2501 574 2641 640 Sed

404 680 559 745 satis
605 681 851 745 constat
893 678 1176 743 homines
1240 677 1309 741 in
1367 677 1750 743 carminibus
1797 678 1986 762 epicis
2030 678 2272 763 negligi
2317 679 2428 743 ubi
2470 696 2639 762 poe-

402 785 505 848 tae
556 782 636 848 iis
692 802 821 846 non
866 781 1134 864 amplius
1181 797 1335 864 opus
1380 781 1494 845 est.

572 886 887 969 Repetitio
949 884 1122 950 verbi
1178 880 1535 969 θάμβησαν
1591 903 1715 949 non
1772 883 2011 968 placet3
2086 887 2273 968 atque
2334 885 2414 950 ad
2459 886 2638 951 alto-

338 1049 343 1054 .
400 1010 542 1056 rum
573 1009 792 1056 versus
823 988 1291 1054 hemistichium
1320 987 1677 1053 faciendum
1713 987 2000 1053 adhibuit
2027 987 2378 1072 rhapsodus
2410 989 2637 1056 locum

401 1114 473 1159 ex
533 1113 575 1157 σ
621 1100 748 1159 320
822 1085 909 1169 ὣς
963 1081 1183 1176 ἔφαθ’,
1256 1084 1327 1154 αἱ
1393 1080 1459 1154 δ’
1520 1086 1894 1173 ἐγέλασσαν,
1964 1089 2032 1166 ἐς
2087 1081 2153 1155 δ’
2216 1082 2491 1179 ἀλλήλας
2550 1091 2635 1157 δὲ

397 1190 636 1260 ἴδοντο.
710 1235 791 1243 —-
879 1196 1140 1262 Exemto
1185 1196 1396 1260 autem
1441 1214 1502 1260 v.
1550 1201 1679 1259 484
1739 1194 1932 1260 etiam
1976 1214 2034 1260 v,
2080 1200 2205 1259 485
2271 1195 2498 1261 melius
2552 1216 2630 1261 se

399 1299 688 1383 applicat.

571 1419 646 1483 V.
693 1423 820 1482 486
840 1455 921 1464 ——
939 1424 1065 1482 489
1088 1466 1103 1496 ,
1161 1416 1383 1499 quibus
1444 1417 1645 1481 utitur
1690 1417 1979 1482 Priamus
2041 1417 2122 1483 ad
2164 1417 2431 1485 Achillis
2476 1420 2622 1486 ani-

396 1541 574 1588 mum
615 1521 1037 1604 mitigandum

482 1630 820 1712 Μνῆσαι
866 1621 1119 1709 πατρὸς
1164 1626 1337 1700 σοῖο,
1379 1625 1628 1700 θεοῖς
1672 1613 2069 1688 ἐπιείκελ’
2107 1614 2513 1708 Ἀχιλλεῦ,

478 1724 738 1814 τηλίκου
781 1724 1002 1813 ὥσπερ
1047 1722 1236 1809 ἐγών,
1286 1717 1454 1811 ὀλοῷ
1501 1723 1618 1789 ἐπὶ
1662 1726 1899 1812 γήραος
1940 1717 2127 1812 οὐδῷ.

480 1828 620 1896 Καὶ
662 1828 783 1913 μέν
827 1855 957 1896 που
999 1833 1210 1895 κεῖνον
1252 1825 1790 1915 περιναιέται
1834 1822 2043 1916 ἀμφὶς
2084 1825 2299 1907 ἐόντες

480 1925 871 2019 τείρουσ’,
920 1924 1076 1999 οὐδέ
1105 1929 1208 2009 τίς
1233 1929 1457 1997 ἐστιν
1499 1922 1699 2018 ἆρὴν
1737 1930 1871 1997 καὶ
1901 1930 2179 2018 λοιγὸν
2206 1924 2505 2015 ἆμῧναι
2534 1975 2627 1987 -—

392 2039 564 2103 haud
607 2058 807 2122 pauca
864 2038 1097 2103 habent
1158 2055 1314 2121 quae
1376 2036 1645 2102 aliorum
1701 2036 1983 2102 locorum
2002 2086 2017 2116 ‚
2096 2038 2368 2103 maxime
2428 2041 2521 2103 rh.
2564 2043 2620 2120 Ι,

390 2141 500 2206 ubi
552 2142 831 2207 Phoenix
886 2140 1200 2206 Achillem
1256 2139 1546 2224 precibus
1617 2138 1777 2220 adit,
1852 2142 2168 2206 moneant.
2270 2141 2443 2207 Dicit
2502 2133 2618 2208 ille

390 2265 450 2311 v.
498 2251 627 2309 494
673 2264 799 2329 seq.

668 2338 832 2412 ἀλλὰ
878 2345 951 2411 σὲ
996 2346 1241 2427 παῖδα,
1302 2348 1549 2422 θεοῖς
1604 2336 2018 2410 ἐπιείκελ’
2076 2335 2476 2430 Ἀχιλλεῦ,

476 2445 819 2537 ποιεύμην,
863 2450 968 2515 ἵνα
1009 2445 1128 2532 μοί
1167 2440 1331 2514 ποτ>
1378 2439 1598 2513 ἀεικέα
1659 2446 1943 2532 λοιγὸν
2000 2439 2331 2537 ἀμύνῃς.

390 2570 671 2655 Utroque
714 2570 851 2636 loco
897 2571 1180 2655 pergitur
1216 2569 1530 2653 particula
1568 2560 1751 2633 αλλά.

566 2665 828 2792 Ἀρὴν
872 2662 1207 2756 ἀμῦναι)
1249 2673 1483 2758 legitur
1529 2676 1617 2737 M
1660 2679 1819 2751 334,
1865 2674 1944 2734 H
1980 2678 2137 2753 512,
2175 2696 2217 2753 χ
2263 2680 2422 2739 208:

476 2775 590 2863 τὴν
663 2767 995 2862 (Ἀθήνην)
1080 2765 1145 2840 ὃ
1209 2771 1509 2851 Ὀδυσεὺς
1586 2768 1869 2862 γήθησεν
1945 2771 2099 2840 ἶόιὸν
2189 2775 2304 2841 καὶ
2392 2778 2617 2858 μῦθον

2214 2902 2433 2944 &stater

475 2977 769 3066 Μέντορ,
823 2975 1127 3063 ἷίμυνον
1167 2971 1401 3068 α’ρὴν,
1462 2983 1771 3066 μνῆσαι
1815 2968 1880 3043 δ’
1926 2973 2184 3065 ἑτάροιο
2231 2978 2469 3066 φίλοιο.

387 3100 527 3165 Hoc
554 3103 763 3184 thaps.
795 3102 857 3165 Ω
899 3102 1039 3167 loco
1085 3102 1239 3168 duas
1271 3101 1608 3170 verborum
1634 3100 1960 3166 iuncturas
1989 3103 2176 3183 poeta
2205 3103 2610 3170 consociavit.

562 3222 766 3289 Versu
812 3224 1024 3288 autem
1064 3229 1189 3287 488

475 3323 588 3388 καὶ
629 3322 747 3407 μέν
789 3346 925 3391 που
965 3328 1174 3389 κεῖνον
1230 3322 1777 3409 περιναιέται
1835 3317 2045 3408 ἀμφὶς
2088 3314 2298 3397 ἐόντες

474 3423 845 3514 τείρουσ’

387 3530 452 3594 in
509 3533 787 3597 mentem
830 3530 1076 3599 venisse
1119 3532 1339 3613 poetae
1384 3529 1635 3596 videtur
1677 3533 1724 3611 β
1767 3535 1847 3593 65
1865 3577 1880 3607 ,
1952 3527 2060 3592 ubi
2120 3527 2271 3593 dicit
2314 3526 2608 3593 Telema-

390 3635 541 3701 chus
589 3634 667 3699 ad
710 3653 930 3720 procos
975 3634 1274 3718 superbos

474 3731 704 3813 ἄλλους
745 3726 811 3801 τ’
855 3731 1208 3823 αἰδέσθητε
1251 3729 1674 3819 περικτίονας
1716 3722 2121 3817 ἀνθρώπους

477 3833 560 3905 οἳ
595 3830 1334 3925 περιναιετάουσι,

561 4115 629 4170 V.
663 4116 765 4171 491
802 4113 988 4186 ἤματα
1024 4109 1210 4166 πάντα
1247 4110 1593 4179 saepissime:
1630 4114 1706 4161 M
1732 4109 1865 4171 133,
1902 4113 1961 4160 N
1990 4106 2123 4170 826,
2169 4105 2358 4169 Τ226,
2406 4112 2463 4157 Ψ
2484 4105 2605 4173 594,

387 4209 423 4267 β
457 4202 549 4265 55,
593 4203 724 4264 205,
765 4202 803 4253 ὃ
837 4201 969 4263 209,
1008 4198 1114 4254 592
1152 4240 1166 4254 .
1194 4242 1203 4253 .
1232 4235 1245 4248 .
