2975 4825
576 482 651 547 V.
705 490 783 548 18
830 478 909 547 ἐν
950 477 1124 548 κόνι
1171 478 1690 568 ἓκτανύρσας1
1736 482 2260 571 προπρηνέα·
2307 489 2492 551 τοῖο
2551 478 2629 551 δ’

2027 583 2447 655 Ἀπόλλων

403 689 627 755 similis
672 694 769 756 est
811 693 1023 757 versui
1069 698 1148 757 25
1192 695 1398 776 rhaps.
1453 696 1519 755 Ψ

489 792 806 880 πρηνέα
849 793 984 881 πὰρ
1026 794 1312 876 λεχέεσσι
1365 793 1810 861 Μενοιτιάδαο
1873 791 2298 874 τανύσσας

483 891 555 959 'E
564 922 598 960 ν
657 894 962 985 κονίῃς.

399 1001 683 1084 Utroque
729 1003 866 1067 loeo
912 1022 1131 1069 versus
1172 1004 1409 1088 legitur
1440 1004 1517 1067 de
1549 1005 1826 1069 Hectore
1856 1007 2139 1082 11101100,
2183 1023 2369 1087 quem
2399 1005 2627 1071 Achil-

401 1105 495 1170 les
543 1109 640 1171 est
682 1106 1201 1186 dedecora'ouruS‚
1282 1127 1397 1172 nee
1457 1127 1607 1172 sane
1672 1127 1745 1172 ea
1806 1108 2146 1173 similitudo
2205 1128 2318 1192 per
2378 1110 2628 1192 seipsa

404 1210 678 1274 offendit.
769 1210 892 1276 Sed
932 1231 1182 1276 versum
1229 1231 1472 1295 quoque
1523 1219 1599 1273 21

1178 1329 1357 1418 (περὶ
1404 1321 1460 1395 δ’
1503 1324 1706 1414 αἰγίδι
1765 1328 1977 1394 πάντα
2018 1325 2362 1416 κοΐλυπτεν)

481 1427 867 1519 χρυσείῃ,
915 1433 1048 1496 ἵνα
1092 1431 1194 1519 μή
1239 1458 1378 1516 μιν
1422 1427 1915 1520 ἀποδρύφοι
1957 1429 2473 1514 ἑλκυστάζων

400 1536 752 1602 invenimus
795 1537 861 1601 in
901 1539 1235 1622 rhapsodia
1289 1541 1378 1616 Ψ,
1425 1538 1536 1602 ubi
1577 1559 1636 1604 v.
1674 1545 1795 1603 187
1841 1539 1944 1603 1116
1991 1541 2087 1603 est

1498 1639 1784 1727 ῥοδόεντι
1830 1640 1903 1706 δὲ
1944 1644 2118 1728 χρῖεν
2164 1636 2360 1726 ἐλαίῳ

486 1738 956 1829 ἀμβροσίῳ,
1001 1745 1135 1807 ἵνα
1176 1739 1278 1832 μή
1318 1769 1457 1828 μιν
1504 1740 1991 1832 ἀποδρύφοι
2034 1740 2576 1826 ἑλκυστάζων.

400 1864 634 1930 Nostro
678 1864 817 1930 loeo
857 1866 1087 1950 Apollo
1133 1867 1428 1932 Hectoris
1474 1850 1698 1952 corpus
1755 1867 1975 1951 aegide
2019 1868 2209 1951 tegit,
2267 1868 2334 1931 in
2390 1870 2455 1929 Ψ
2491 1865 2621 1930 Ve-

401 1988 518 2033 nus
562 1971 626 2032 et
668 1969 896 2053 Apollo
939 1972 1226 2048 tuentur,
1299 1974 1484 2055 atque
1528 1973 1683 2036 haee
1734 1971 1986 2054 quidem
2046 1970 2112 2035 id
2176 1971 2435 2055 unguit,
2510 1969 2620 2034 ille

400 2072 563 2137 nube
610 2073 985 2153 circumda'o,
1026 2094 1104 2139 ne
1148 2075 1297 2141 solis
1344 2075 1564 2140 ardore
1607 2078 1939 2140 Joorrea’nur.
2029 2075 2174 2139 Non
2218 2074 2475 2139 dubium
2525 2077 2623 2139 est

399 2176 548 2257 quin
599 2179 788 2260 poeta
828 2179 1014 2244 huius
1060 2179 1427 2263 rhapsodiae
1476 2180 1685 2244 locum
1726 2180 1909 2244 illum
1966 2180 2250 2244 imitatus
2296 2178 2395 2244 sit.
2484 2179 2621 2242 Iam

399 2283 644 2345 veieres
696 2281 761 2345 in
816 2284 936 2347 hoe
1007 2283 1145 2347 loeo
1223 2284 1554 2348 offendisse
1632 2281 1917 2349 videmus
1982 2302 2053 2347 ex
2113 2280 2402 2358 scholiis3
2471 2281 2624 2364 quid

399 2383 677 2463 mirum?
766 2386 942 2452 obelo
1003 2388 1318 2452 notarunt.
1411 2387 1805 2471 Quamquam
1863 2386 2028 2471 quod
2082 2384 2235 2451 dicit
2280 2385 2624 2451 scholiasta

403 2483 602 2571 ζαἰγὶς
647 2484 760 2553 οὐκ
805 2485 982 2554 ἔστιν
1028 2481 1247 2556 αὐτοῦ’
1294 2492 1700 2576 (Apollinis),
1745 2495 1863 2557 hoe
1910 2492 2220 2557 refutatur
2263 2508 2452 2554 versu
2491 2495 2617 2554 361

402 2592 549 2658 libri
594 2596 797 2676 quinti
840 2595 1065 2660 decimi
1701 2646 1709 2652 .

484 2718 563 2800 τῇ
609 2704 668 2798 ῥ’
718 2714 853 2798 οἵγε
896 2712 1246 2801 προχέοντο
1292 2712 1705 2801 φαλαγγηδὸν
1722 2760 1740 2795 ,
1786 2710 1926 2799 πρὸ
1961 2704 2024 2778 δ’
2068 2704 2412 2779 Ἀπόλλων

486 2811 687 2901 αἰγίδ’
736 2812 892 2897 ἔχων
937 2814 1226 2904 ἐρίτιμον
1277 2857 1359 2865 -

402 2937 524 3003 Sed
564 2940 780 3003 tamen
817 2940 974 3005 alias
1019 2940 1203 3005 modo
1243 2941 1461 3005 Iovem
1507 2942 1572 3005 et
1610 2938 1964 3003 Minervam
2003 2937 2224 3019 aegide
2273 2937 2622 3000 instructos

468 3140 535 3194 V.
607 3141 640 3194 9
680 3140 919 3215 θαλερὸν
953 3142 1091 3195 κατὰ
1130 3140 1374 3210 δάκρυον
1414 3143 1561 3210 εἶβεν
1598 3141 1665 3195 cf.
1702 3142 1845 3195 inter
1880 3141 1990 3194 alia
2028 3141 2064 3193 δ
2100 3140 2202 3196 556

679 3225 921 3302 θαλερὸν
954 3228 1095 3281 κατὰ
1138 3226 1311 3302 δάκρυ
1338 3232 1567 3298 χέοντα.

471 3326 538 3379 V.
580 3328 646 3382 12
681 3344 758 3396 sq.
828 3327 965 3381 οὐδέ
986 3347 1091 3397 μιν
1128 3327 1238 3393 ἢὼς

967 3416 1292 3482 Φαινομένη
1331 3410 1603 3480 λήθεσκεν
1639 3413 1801 3485 ὑπεὶρ
1839 3408 1945 3463 ἅλά
1984 3409 2026 3462 τ’
2068 3408 2260 3478 ἠϊόνας
2294 3427 2351 3460 τε

405 3499 620 3554 videtur
656 3502 844 3568 poetae
880 3498 1073 3569 Odyss.
1112 3499 1258 3552 locus
1297 3500 1611 3554 obversatus
1652 3514 1769 3551 esse
1802 3516 1845 3565 χ
1882 3496 1983 3551 197

821 3585 953 3639 οὐδέ
990 3586 1100 3654 σέγ’
1140 3583 1419 3659 ἠριγένεια
1458 3584 1585 3656 παρ’
1626 3580 1921 3637 Ὠκεάνοιο
1957 3579 2141 3655 ῥοάων

1238 3668 1420 3738 Λήσει
1461 3670 1815 3743 ἐπερχομένη
1846 3665 2245 3742 χρυσόθρονος.

400 3760 625 3814 Formas
659 3760 863 3814 iterata
891 3758 1052 3812 huius
1089 3756 1216 3812 libri
1251 3759 1411 3826 poeta
1449 3755 1737 3810 admodum
1768 3755 2090 3823 frequentat„
2152 3750 2310 3822 ὑπεὶρ
2345 3749 2449 3802 ὅλα
2487 3749 2627 3819 legi-

399 3862 519 3900 mus
559 3847 595 3898 δ
633 3845 758 3910 172,
829 3850 885 3895 Ψ
919 3845 1014 3909 27,
1078 3866 1096 3894 ι
1134 3843 1263 3907 254,
1325 3862 1363 3912 y
1404 3844 1486 3896 73.
1540 3872 1609 3880 -
1688 3839 1840 3915 παρὰ
1883 3837 2002 3892 θῖν’
2056 3834 2185 3895 ἁλός
2221 3843 2275 3888 A
2309 3835 2442 3899 316,
2501 3835 2627 3900 327,

400 3937 461 3984 A
499 3933 630 3995 622,
670 3952 701 3984 κ
740 3932 857 3988 179.

469 4019 533 4072 V.
572 4019 640 4073 15
680 4019 887 4091 δίφρου
927 4016 1173 4071 ὄπισθεν
1210 4023 1258 4069 Ρ
1286 4016 1392 4072 468
1439 4013 1683 4068 ὄπισθεν
1722 4013 1971 4087 δίφροιο.

575 4227 629 4297 1)
667 4223 962 4284 ἐκτανύσας
990 4225 1146 4278 1110ᾱο
1183 4229 1245 4277 Λ
1282 4224 1405 4278 844.
