2975 4825
470 294 553 353 34

989 458 1027 527 ὃ
1070 462 1190 552 γὰρ
1235 458 1400 553 ἦλθε
1444 466 1619 546 &dag
1663 466 1783 533 ἐπὶ
1825 473 2021 557 νῆας
2070 460 2412 550 Ἀχαιῶν

611 560 1106 650 Λυσόμενος
1186 592 1256 634 τε
1342 566 1673 658 θύγατρα,
1774 570 2035 660 φέρων
2118 564 2185 637 τ’
2272 569 2700 661 ἀπερείσι’

2174 672 2510 744 ἄποινα.

643 776 803 842 Cum
844 798 902 843 v.
952 783 1076 841 513

555 869 810 966 αὐτὰρ
853 874 1051 944 ἐπεί
1104 885 1203 966 ῥα
1248 876 1487 965 γόοιο
1533 877 1998 970 τετάρπετο
2044 885 2230 963 δῖος
2265 880 2701 968 ,Ἀχιλλεὺς

462 1001 873 1066 conferendus
917 1003 1014 1067 est
1059 1022 1116 1068 v.
1154 1010 1236 1067 10
1281 1004 1486 1087 rhaps.
1538 1008 1625 1085 Ψ,
1686 1006 1797 1071 ubi
1853 1005 2007 1071 dicit
2049 1005 2333 1074 Achilles
2384 1008 2464 1073 ad
2506 1010 2697 1091 Myr-

461 1103 744 1170 midones
1652 1100 1655 1104 ’
1709 1102 1716 1108 ”

550 1205 801 1296 αὐτὰρ
851 1205 1042 1274 ἐπεί
1085 1200 1156 1273 κ’
1201 1202 1422 1275 ὀλοοῖο
1463 1206 2157 1299 τεταρπώμεσθα
2193 1207 2444 1298 γόοιο.

636 1333 730 1395 Ex
805 1330 1211 1396 antecedente
1285 1333 1492 1415 thaps.
1551 1333 1635 1417 (v.
1689 1335 1797 1416 74)
1873 1335 2219 1399 translatus
2296 1339 2392 1401 est
2466 1355 2696 1404 versus

464 1454 706 1520 quoque
755 1440 878 1498 516
1973 1505 1980 1511 ,

551 1533 988 1624 οἰκτείρων
1051 1532 1350 1603 πολιόν
1407 1561 1491 1603 τε
1550 1533 1752 1628 κάρη
1794 1530 2102 1605 πολιόν
2156 1563 2243 1605 τε
2284 1539 2650 1627 γένειον,

464 1645 573 1710 ubi
615 1642 784 1708 idem
828 1644 1119 1708 Priamus
1166 1643 1363 1709 verba
1404 1643 1579 1709 facit.

635 1765 709 1831 V.
753 1770 879 1828 524
924 1783 1050 1847 seq.

547 1860 632 1933 οὗ
685 1861 830 1952 γάρ
889 1890 1018 1944 τις
1088 1867 1394 1954 πρῆξις
1453 1863 1807 1932 πέλεται
1864 1872 2249 1955 κρυεροῖο
2307 1864 2540 1954 γόοιο

459 1990 591 2057 duo,
628 1989 941 2071 Odysseae
990 1987 1113 2054 loci
1175 1989 1579 2054 obanimum
1626 1992 1846 2073 poetae
1893 1989 2184 2056 videntur
2228 1993 2486 2056 versati.
2522 2011 2687 2057 esse.

457 2096 543 2160 Et
583 2093 750 2159 ‘alter
795 2091 1049 2177 quidem
1101 2092 1278 2158 locus
1332 2095 1505 2159 extat
1546 2117 1586 2157 κ
1628 2099 1790 2171 202;
1864 2093 1954 2159 ibi
2020 2093 2174 2158 dicit
2214 2094 2431 2160 Ulixes
2488 2095 2689 2161 lacri-

457 2217 664 2264 masse
704 2198 912 2280 ipsum
942 2199 1007 2263 et
1038 2196 1303 2277 amicos,
1373 2198 1564 2263 simul
1610 2198 1922 2263 recordati
1971 2198 2099 2264 sint
2142 2200 2456 2265 malorum
2499 2215 2686 2283 ‘quae

459 2302 624 2385 apud
667 2303 1129 2385 Laestrygones
1174 2303 1238 2367 et
1283 2301 1621 2387 Cyclopem
1664 2302 1790 2367 sint
1832 2304 2129 2387 perpessi.
2219 2303 2343 2369 Sed
2385 2305 2595 2387 pergit

543 2386 675 2470 ἄλλ’
729 2400 818 2470 οὐ
877 2398 1017 2492 γάρ
1078 2429 1205 2482 τις
1261 2398 1565 2493 πρῆξις
1617 2400 1898 2491 ἐγίγνετο
1940 2401 2422 2493 ᾔιυρομένοισιν.

634 2660 696 2713 V.
734 2660 836 2715 506
890 2661 1051 2728 ,ποτὶ
1097 2657 1280 2732 στόμα
1322 2660 1462 2731 χεῖρ’
1515 2658 1846 2733 ὂρέγεσθαι’
1898 2660 2133 2714 medium
2189 2660 2496 2734 ὀρέγεσθαι
2532 2660 2684 2714 idem

457 2746 729 2817 significat
767 2746 910 2814 quod
941 2744 1073 2800 alibi
1109 2761 1318 2814 semper
1364 2746 1600 2801 activum
1636 2746 1857 2818 ὀρέγειν
1868 2769 1887 2811 ‚·
1951 2746 2186 2800 medium
2237 2746 2382 2799 enim
2418 2749 2503 2800 est
2538 2746 2685 2801 nihil

456 2833 605 2887 aliud
644 2833 752 2887 nisi
791 2848 936 2901 ‘sese
973 2831 1311 2900 expandere’.
1390 2833 1557 2907 Χεῖρ’
1596 2831 1809 2887 videtur
1844 2847 1961 2885 esse
1996 2848 2249 2886 numerus
2287 2832 2514 2887 dualis
2549 2833 2681 2902 (vel,

455 2921 503 2974 si
539 2920 624 2973 cui
656 2919 832 2988 magis
865 2919 1065 2988 placet,
1120 2921 1352 2973 accusat.
1391 2919 1556 2987 sing.)
1572 2962 1585 2984 ,
1640 2918 1860 2972 minime
1908 2917 2123 2972 dativus
2162 2919 2301 2988 sing.
2340 2919 2457 2987 (pro
2486 2920 2679 2993 χειρί),

455 3006 598 3076 quod
633 3004 879 3061 nonnulli
915 3006 1212 3061 voluerunt.
1284 3006 1539 3060 Fortasse
1574 3005 1956 3059 recordabatur
1989 3007 2151 3073 poeta
2184 3005 2291 3060 loci
2326 3003 2424 3058 Od.
2460 3024 2504 3075 μ
2543 3004 2677 3060 257:

447 3099 647 3167 χεῖρας
681 3093 812 3163 ἐμοὶ
845 3092 1154 3166 ὀρέγοντας.
1190 3124 1257 3131 -
1329 3091 1581 3147 Ceterum
1612 3092 1678 3145 cf.
1714 3090 2018 3148 Ellendt.
2054 3109 2105 3160 p,
2132 3091 2217 3145 23.

629 3179 695 3235 V.
732 3178 836 3234 507
873 3179 1101 3248 saepius.

628 3250 723 3318 Vs
732 3264 838 3320 514
872 3268 955 3319 est
991 3265 1326 3320 subditicius.

627 3350 707 3404 Ut
752 3349 840 3403 hic
885 3367 936 3404 v.
986 3351 1088 3405 515
1133 3351 1371 3406 Achilles
1387 3389 1400 3414 ‚
1464 3348 1558 3403 ubi
1605 3347 1879 3402 Priamum
1927 3346 2219 3415 conspexit,

700 3435 882 3489 αὐτίκ’
940 3436 1054 3490 ἀπὸ
1091 3435 1300 3512 θρόνου
1341 3435 1509 3511 ὦρτο,
1548 3437 1783 3509 γέροντα
1818 3433 1881 3486 δὲ
1908 3431 2097 3506 χειρὸς
2134 3433 2328 3514 ᾄνίστη
2375 3463 2443 3470 ——

455 3524 532 3578 sic
567 3522 634 3577 de
667 3521 896 3577 Nestore
931 3527 993 3574 Λ
1031 3524 1158 3588 645,
1195 3539 1353 3592 quem
1388 3521 1506 3575 adit
1540 3520 1847 3583 Patroclus,
1886 3517 2110 3572 dicitur:

520 3608 616 3663 τὸν
652 3610 714 3663 δὲ
751 3605 890 3662 ἰδὼν
923 3609 953 3660 ὁ
991 3598 1217 3682 γἐραιὸς
1263 3607 1402 3661 ἀπὸ
1450 3606 1728 3680 θρόνου
1764 3602 1944 3680 ὦρτο
1996 3609 2249 3676 φαεινοῖ,

521 3698 587 3754 ἐς
624 3695 686 3747 ‹5’
729 3692 863 3763 ἄγε
894 3693 1152 3763 χειρὸς
1185 3692 1386 3757 ἑλὼν,
1431 3691 1568 3745 κατὰ
1607 3693 1668 3745 <5²
1711 3688 2054 3763 ἑδριάασθαι
2092 3688 2322 3760 ἄνωγεν.

449 3782 516 3836 In
551 3782 739 3834 nostra
774 3776 954 3845 rhaps.
993 3776 1217 3832 offendit
1249 3777 1492 3846 paullum
1539 3776 1776 3832 brevitas
1822 3776 2124 3830 structurae
2163 3780 2416 3848 ςγέροντα
2456 3775 2519 3828 δὲ
2543 3793 2671 3843 χει,-

449 3866 542 3942 ρὸς
576 3863 818 3931 ἆνίστη’.

620 3951 686 4008 V.
719 3950 822 4005 517
862 3965 941 4017 ep.
977 3964 1131 4002 serm.
1170 3962 1351 4018 propr.
1388 3950 1487 4005 est.

626 4036 688 4089 V.
721 4035 826 4092 518
876 4034 1033 4088 initio
1085 4032 1118 4087 ἆ
1168 4035 1366 4100 δείλ’,
1421 4033 1453 4102 ἦ
1494 4032 1575 4101 δὴ
1625 4032 1805 4089 πολλὰ
1844 4032 2024 4087 confer
2068 4037 2131 4085 A
2163 4030 2264 4086 441
2304 4026 2338 4082 ἆ
2390 4029 2599 4095 δεῖν,
2634 4026 2667 4097 ἦ

449 4120 603 4194 μάλα
641 4123 678 4175 ὃ
690 4120 722 4188 ή
757 4160 770 4172 .
797 4165 809 4178 .
839 4159 852 4173 .

588 4207 654 4262 V.
686 4205 992 4263 519--521
1027 4231 1096 4252 2
1131 4205 1450 4263 203-——205.
1522 4203 1585 4259 V.
1626 4204 1729 4260 523
1766 4202 2075 4272 ἀχνύμενοι
2111 4220 2216 4279 περ
2248 4216 2420 4270 saepe.
