2975 4825
396 316 479 374 10

392 484 608 552 monet
656 483 733 554 de
795 483 1202 550 celeberrimo
1263 484 1359 550 rh.
1404 490 1466 548 Z
1519 483 1658 550 1666
1677 533 1694 561 ,
1764 484 1871 549 ubi
1927 482 2311 549 vaticinatur
2371 484 2619 550 Hector

391 588 632 671 patriae
676 588 1005 656 interitum
1048 609 1108 653 v.
1157 594 1281 653 449

481 700 740 771 ἔσσεται
785 698 954 794 ἦμαρ
991 697 1081 772 ὅτ’
1128 702 1207 771 ἄν
1256 698 1403 770 ποτ’
1446 698 1652 793 ὀλώλῃ
1682 704 1878 783 Ἴλιος
1923 701 2025 792 ἱρὴ

481 808 614 874 καὶ
662 806 1041 895 Πρίαμος
1096 810 1226 874 καὶ
1281 809 1478 887 λαὸς
1525 806 1841 893 ἐϋμμελίω
1887 807 2220 895 Πριάμοιο

396 932 599 1015 (Idem
641 951 864 997 versus
921 933 1138 997 extant
1181 933 1244 995 A
1290 939 1414 996 164
1458 933 1575 1016 sq.)
1666 930 1855 997 Cuius
1906 930 2030 996 loci
2074 931 2329 1014 poetam
2371 948 2619 994 memo-

396 1054 531 1102 rem
593 1036 785 1101 fuisse
859 1054 930 1101 eo
1007 1037 1212 1120 magis
1283 1037 1536 1102 credam
1612 1036 1777 1119 quod
1850 1035 2041 1101 etiam
2099 1035 2368 1100 alterum
2425 1054 2485 1099 v.
2533 1040 2618 1098 28

395 1140 864 1205 hemistichium

799 1234 1340 1330 Ἀλεξάνδρου
1395 1234 1613 1308 ἕνεκ’
1672 1238 1878 1330 ὄὶτης

399 1364 467 1429 111
509 1371 571 1427 Ζ
628 1385 687 1429 v.
737 1371 861 1429 356
923 1365 1192 1449 legitur;
1267 1367 1331 1429 et
1384 1367 1542 1430 haec
1612 1364 1863 1450 iteratio
1922 1365 2091 1429 certe
2148 1361 2306 1427 nihil
2360 1362 2626 1427 haberet

402 1466 793 1546 offensioniS‚
839 1468 962 1533 nisi
1005 1488 1038 1533 e
1084 1468 1367 1534 versibus
1409 1488 1579 1550 seqq.
1625 1468 1779 1533 satis
1827 1469 2157 1551 appareret
2198 1467 2318 1530 hoc
2362 1464 2499 1529 loco
2545 1483 2622 1529 ea

401 1570 597 1636 verba
643 1590 829 1636 sensu
865 1572 1226 1656 accipienda
1274 1592 1410 1638 esse
1441 1572 1626 1655 plane
1657 1572 1904 1636 alieno..
1962 1572 2215 1636 Etenim
2241 1571 2398 1634 haec
2429 1568 2625 1633 verba

404 1693 549 1738 cum
606 1674 671 1737 in
719 1676 892 1740 sexto
951 1676 1110 1740 libro
1158 1676 1362 1741 scelus
1430 1675 1786 1759 significent
1831 1673 1995 1757 quod
2040 1674 2221 1739 Paris
2265 1674 2450 1755 raptu
2488 1672 2625 1735 He-

403 1774 584 1842 lenae
656 1778 1052 1862 Menelaique
1134 1779 1495 1866 deceptione
1572 1779 1919 1854 commisit,
2006 1779 2125 1842 hoc
2192 1776 2331 1840 loco
2407 1774 2626 1839 referri

410 1880 639 1962 debent
682 1881 761 1947 ad
807 1883 1059 1966 culpam
1076 1934 1090 1962 ‚
1136 1903 1324 1967 quam
1367 1882 1680 1948 contraxit
1725 1901 1796 1947 eo
1845 1881 2005 1966 quod
2054 1881 2358 1945 Iunonem
2400 1882 2465 1943 et
2498 1878 2626 1946 Mi-

412 2004 676 2050 nervam
724 1986 988 2051 violavit
1046 1983 1182 2076 <ὅτε
1225 1982 1287 2050 οὶ
1346 1983 1414 2062 ἐς
1455 1984 1815 2067 μέσσαυλον
1857 1974 2109 2048 ἵκοντο.’
2203 1983 2462 2067 Spectat
2504 1983 2627 2046 hoc

409 2088 580 2153 haud
626 2089 810 2155 dubie
857 2090 934 2155 ad
978 2093 1199 2156 notum
1252 2091 1416 2156 illud
1460 2090 1706 2156 Paridis
1764 2089 2066 2155 iudicium
2084 2138 2101 2169 ‚
2164 2087 2343 2152 cuius
2401 2105 2515 2151 nec
2563 2085 2630 2148 in

412 2192 607 2265 Iliade
649 2214 848 2278 neque
890 2195 955 2258 in
999 2195 1279 2278 Odyssea
1322 2196 1524 2260 ullum
1570 2192 2053 2281 deprehenditur
2092 2191 2447 2274 vestigium.
2511 2182 2631 2256 Ni-

416 2296 640 2362 mirum
687 2298 882 2381 igitur
927 2299 1334 2364 Aristarchus
1380 2300 1586 2363 totum
1626 2299 1832 2364 locum
1876 2296 2053 2362 obelo
2095 2295 2360 2360 notavit.

595 2416 674 2482 V.
706 2424 782 2481 31
837 2399 1053 2479 IAM?
1112 2411 1239 2479 ὅτε
1300 2412 1388 2501 δή
1451 2405 1517 2500 ῥ’
1578 2411 1661 2480 ἐκ
1724 2408 2451 2496 τοῖοθόυωδεκάτη
2506 2404 2648 2492 γε’-

2104 2537 2234 2578 νετ
2313 2537 2419 2600 ηω
2435 2535 2469 2589 ς

600 2755 664 2808 V.
708 2755 778 2810 41
817 2771 927 2825 seq.
1243 2759 1413 2809 λε’ων
1461 2753 1547 2814 ὣς
1596 2752 1770 2826 ἄγρια
1811 2754 1983 2818 οἶδεν,

634 2839 747 2894 ὅστ’
788 2843 911 2894 ἐπεὶ
947 2840 1019 2914 ἂρ
1073 2840 1354 2915 μεγάλῃ
1404 2860 1471 2895 τε
1522 2846 1645 2914 βίῃ
1694 2843 1813 2893 καὶ
1861 2835 2171 2909 ἀγήνορι
2228 2840 2431 2909 θυμῷ

482 2965 484 2968 >
637 2931 826 2988 εἴξας

438 3013 787 3070 conferendus
823 3018 909 3070 est
944 3016 1092 3070 166116
1128 3021 1203 3069 M
1233 3016 1336 3071 299
1367 3032 1463 3085 sq„

855 3101 1032 3155 ὥστε
1086 3102 1259 3156 λέων
1293 3103 1693 3175 ὀρεσίτροφος,
1727 3099 1840 3152 ὅστ’
1881 3094 2140 3161 ἐπιδευὴς

644 3186 824 3258 δηρὸν
857 3189 918 3262 ἔῃ
954 3192 1179 3260 κρειῶν,
1232 3191 1443 3242 κέλεται.
1481 3186 1548 3240 δέ
1584 3186 1609 3238 ἑ
1651 3182 1884 3253 θυμὸς
1921 3179 2220 3252 ἀγήνωρ.
2257 3209 2324 3218 ·-

430 3279 542 3345 βίῃ
590 3277 710 3325 καὶ
761 3278 1005 3347 καρτέϊ
1056 3278 1266 3327 εἴκων
1307 3273 1540 3341 legimus
1576 3288 1612 3324 ο·
1653 3271 1777 3333 139,
1832 3290 1876 3340 μ
1915 3269 2050 3333 143;
2098 3257 2144 3335 ᾦ
2189 3269 2396 3338 θυμῷ
2446 3267 2660 3324 εἴξας

438 3380 459 3410 ι
492 3358 613 3415 598.

585 3446 814 3514 [Versus
851 3446 922 3502 45
957 3463 1019 3500 ex
1056 3445 1280 3500 Hesiodi
1319 3443 1569 3513 operibus
1604 3444 1735 3506 316,
1781 3441 1874 3495 ubi
1911 3443 1995 3495 cst
2031 3435 2392 3512 ‘yvmluexaebcss
2437 3437 2502 3489 ut
2539 3449 2662 3488 cum

441 3531 735 3586 scholiasta
767 3532 939 3586 dicam
956 3573 970 3596 ‚
1015 3531 1315 3595 adhibitus,
1367 3530 1509 3584 hunc
1552 3531 1610 3584 in
1642 3529 1820 3584 locum
1868 3544 1903 3581 a
1939 3526 2168 3596 quodam
2215 3522 2514 3578 translatus
2551 3522 2663 3582 est;

440 3618 774 3686 refragratur
818 3621 997 3672 autem
1046 3618 1177 3673 adeo
1224 3618 1382 3671 huius
1429 3616 1535 3672 loci
1582 3614 1882 3669 sententiae
1941 3615 2005 3667 ut
2043 3610 2196 3665 'haud
2244 3608 2401 3665 dubie
2444 3620 2665 3676 prorsus

443 3705 699 3761 delendus
736 3705 846 3774 sit]

611 3792 681 3845 V.
718 3792 790 3847 50
824 3786 955 3861 ἦτορ
993 3788 1214 3863 ἀπηύρα
1249 3794 1310 3842 Λ
1349 3789 1467 3843 115.

614 3877 676 3930 V.
715 3877 785 3932 52
1099 3875 1177 3928 οὐ
1212 3872 1354 3946 μήν
1391 3877 1454 3926 οἱ
1489 3872 1650 3943 τόγε
1686 3869 1985 3925 κάλλιον
2023 3867 2161 3922 οὐδέ
2194 3867 2235 3920 τ’
2277 3864 2519 3936 ἄμεινον

384 3950 391 3955 ’
446 3961 639 4016 similis
677 3964 763 4016 est
796 3978 843 4018 v.
883 3961 986 4016 159
1017 3960 1098 4014 rh.
1135 3980 1166 4024 η

636 4047 858 4102 Ἀλκίνο’
905 4048 982 4100 οὐ
1019 4050 1146 4116 μέν
1179 4065 1291 4098 τοι
1329 4042 1483 4099 τόδε
1521 4041 1837 4096 κάλλιον
1867 4042 1997 4095 οὐδὲ
2034 4042 2211 4094 ἔοικεν

618 4134 685 4186 V.
725 4134 794 4188 53
828 4131 910 4205 μὴ
959 4133 1160 4201 ἀγαθῷ
1212 4149 1319 4203 περ
1371 4130 1513 4184 ἐόντι
1575 4128 1642 4183 cf.
1697 4134 1754 4180 A
1789 4128 1887 4183 131
1941 4125 2018 4194 μὴ
2071 4124 2150 4176 «5²2
2189 4120 2392 4182 οὕτως,
2451 4115 2674 4188 ἀγαθός

446 4240 551 4293 περ
596 4217 716 4274 ἐών.
