2975 4825
2392 291 2471 350 19

243 474 374 519 non
426 452 755 519 dissimilis
798 455 895 519 est
933 473 1154 520 versus
1205 463 1287 521 72
1329 457 1536 540 rhaps
1584 453 1621 535 ζ

330 551 400 622 οἶ
455 554 578 637 μὲν
613 546 711 642 ἄρ’
756 552 942 633 ἐκτὸς
981 550 1236 638 ἅμαξαν
1281 554 1570 643 ἐΰτροχον
1614 551 1932 644 ἡμιονείην

329 657 640 740 ὥπλεονς

239 762 355 828 sed
388 763 690 845 repetitio
732 761 1017 846 legitima
1050 766 1164 829 est.
1257 762 1534 829 Offendit
1564 767 1784 830 contra
1813 764 2062 830 iteratio
2094 785 2311 831 versus
2345 774 2469 832 263

332 860 498 929 οὐκ
538 859 625 927 ἂν
675 857 771 951 δή
811 888 954 947 μοι
1000 860 1320 946 ἄμαξαν
1380 862 2002 954 ἐφοπλίσσαιτε
2045 865 2427 950 τάχιστα,-

237 988 393 1034 nam
481 987 701 1052 parum
760 971 903 1052 apte
980 969 1298 1048 Priamus,
1378 972 1715 1055 postquam
1784 970 1969 1036 modo
2043 971 2208 1038 filios
2283 994 2469 1057 quam

234 1072 467 1155 potuit
509 1065 904 1136 acerbissime
935 1072 1246 1156 increpuit
1260 1122 1275 1151 ‚
1322 1074 1541 1138 statim
1582 1074 1806 1139 leniter
1837 1076 1902 1139 et
1929 1078 2257 1142 mansuete
2290 1079 2467 1161 opta-

236 1176 378 1240 tivo
450 1194 594 1241 cum
639 1170 717 1239 ἂν
776 1177 959 1240 utens
1025 1194 1130 1240 eos
1190 1175 1563 1241 adhortatur
1620 1179 1694 1242 ut
1749 1196 2003 1243 currum
2062 1178 2182 1243 sibi
2226 1184 2469 1264 parent.

237 1278 508 1357 Quanto
570 1279 793 1343 melior
855 1280 953 1342 est
1002 1278 1115 1343 illa
1175 1280 1495 1344 structura
1555 1298 1675 1364 quo
1738 1280 1875 1345 loco
1926 1280 2243 1346 Nausicaa
2288 1281 2467 1347 Alci-

236 1400 446 1446 noum
489 1385 739 1464 patrem
782 1381 915 1445 adit
958 1379 1022 1464 (ζ
1055 1382 1165 1464 57)

329 1482 602 1547 πάππα
640 1474 791 1570 φίλ’,
839 1478 956 1547 οὐκ
996 1479 1073 1547 ἂν
1108 1477 1187 1570 δή
1230 1507 1345 1567 μοι
1388 1480 1865 1572 ἐφοπλίσσαιτε
1912 1480 2195 1573 ἇπήνην;
2253 1503 2270 1512 “

237 1587 406 1651 Cum
454 1607 552 1655 vv.
600 1594 727 1650 266
771 1606 904 1669 sqq.
955 1588 1238 1652 conferas
1285 1585 1321 1666 ζ
1358 1594 1438 1651 72
1486 1607 1619 1670 sqq.

424 1691 649 1772 Neque
691 1689 899 1755 minus
944 1690 1213 1756 imitatio
1263 1691 1329 1754 in
1385 1692 1601 1776 aperto
1662 1691 1762 1755 est
1806 1710 1863 1755 v.
1914 1697 2039 1755 309
2060 1738 2076 1769 ‚
2139 1691 2248 1756 ubi
2289 1694 2466 1759 Pria-

234 1813 386 1859 mus
437 1814 478 1858 a
518 1794 667 1858 Iove
714 1794 1009 1876 precatur
1052 1796 1126 1858 ut
1143 1793 1458 1858 Achillem
1502 1794 1581 1859 ad
1624 1793 2117 1860 misericordiam
2164 1782 2496 1862 deducat}

327 1889 480 1973 δός
512 1885 1133 1981 μ’ἒςᾍχιλλῆος
1177 1892 1417 1981 φίλον
1461 1893 1752 1961 ἐλθεῖν
1791 1887 1913 1982 ἠδ’
1959 1893 2334 1963 ἐλεεινόν.

234 1999 313 2062 In
363 1998 654 2082 Odyssea
700 1999 905 2081 thaps.
957 1996 992 2077 ζ
1036 2005 1160 2063 327
1209 1999 1401 2064 verba
1457 2001 1606 2065 sunt
1649 1998 1849 2064 Ulixis
1903 2000 2260 2066 Minervam
2311 2002 2463 2069 ado-

238 2102 450 2167 rantis
507 2104 580 2166 ut
625 2103 938 2166 Phaeaces
1003 2101 1196 2184 ipsius
1256 2103 1574 2168 misereat.
1655 2101 1765 2167 Nil
1823 2100 1974 2166 fecit
2032 2105 2219 2185 poeta
2277 2106 2463 2172 huius

232 2204 389 2268 libri
438 2205 562 2268 nisi
607 2205 863 2269 nomina
906 2204 1212 2283 mutavit,
1257 2203 1758 2288 quandoquidem
1806 2204 1940 2268 illic
1983 2205 2218 2289 legitur

326 2299 453 2385 δός
492 2304 554 2387 μ’
602 2303 671 2382 ἐς
720 2300 1014 2392 Φαίηκας
1056 2300 1251 2392 φίλον
1294 2302 1514 2373 ἐλθεῖν
1555 2296 1653 2391 ἠδ’
1702 2302 1976 2371 ἐλεεινόν

422 2409 690 2493 Scripsit
731 2410 942 2475 autem
985 2409 1336 2492 genitivum
1380 2411 1674 2495 quoniam
1704 2429 1910 2475 accus.
1980 2399 2286 2497 Ἀχιλλῆα
2328 2431 2463 2477 me-

237 2514 343 2575 tro
383 2512 855 2579 adversabatur.

426 2614 726 2680 Consulto
774 2633 960 2698 supra
1001 2613 1321 2679 omisimus
1363 2614 1697 2680 nonnullos
1738 2636 1959 2682 versus
1998 2619 2279 2682 iteratos.
2368 2618 2466 2683 Ac

236 2719 526 2798 primum
569 2736 785 2782 versus
832 2724 953 2781 191
1004 2712 1248 2793 αὐτὸς
1305 2707 1463 2793 δ’ἒς
1521 2714 1904 2800 θάλαμον
1964 2717 2466 2806 κατεβήσετο

237 2815 616 2904 κηώεντα
679 2820 1029 2886 translatus
1096 2838 1231 2884 esse
1302 2820 1553 2887 videtur
1623 2842 1696 2887 ex
1761 2845 1796 2886 ο
1845 2830 1959 2902 99,
2033 2823 2198 2888 unde
2262 2822 2466 2888 multa

242 2918 620 3008 deprompta
665 2925 813 2989 sunt
856 2923 1020 2988 infra
1067 2944 1120 2991 v,
1147 2930 1270 2988 284
1296 2943 1432 3007 sqq.
1471 2963 1541 2970 -—-
1596 2925 1858 3009 Legitur
1902 2926 2094 2992 etiam
2133 2932 2196 2988 Z
2223 2931 2368 2989 288.
2391 2962 2466 2971 —

426 3025 627 3090 Versu
651 3032 778 3090 210
821 3026 1082 3091 Hecuba
1115 3025 1266 3089 dicit
1293 3014 1680 3091 destinatum
1709 3026 1902 3093 fuisse
1944 3027 2207 3092 Hectori
2231 3026 2363 3091 filio
2393 3032 2466 3092 ut

244 3144 283 3190 a
327 3128 592 3194 canibus
641 3128 977 3194 dilanietur
1107 3132 1214 3214 τῷ
1250 3118 1319 3191 δ’
1337 3125 1437 3205 ὥς
1483 3131 1704 3193 ποθι
1748 3131 2022 3213 Μοῖρα
2066 3127 2414 3215 κραταιὴ

331 3229 801 3316 γεινομένῳ
844 3228 1207 3317 επένησε
1252 3227 1469 3316 λίνῳ,
1537 3227 1674 3295 ὅτε
1716 3254 1853 3312 μιν
1895 3229 2130 3294 τέκον
2180 3224 2412 3316 αὐτῆς

240 3330 567 3398 invenitur
627 3334 788 3398 alter
843 3334 1034 3399 etiam
1091 3335 1156 3396 in
1227 3336 1292 3397 Ψ
1325 3340 1479 3410 218;
1540 3333 1650 3400 sed
1713 3333 1871 3398 nihil
1927 3333 2117 3399 habet
2177 3334 2461 3399 offensio-

246 3433 348 3499 nis
393 3430 663 3502 iteratio,

424 3643 488 3695 V.
528 3645 628 3699 197
661 3645 812 3712 prius
845 3644 1243 3700 hemistichium
1280 3644 1428 3699 ἀλλ’
1478 3646 1607 3715 ἄγε
1655 3666 1784 3710 μοι
1832 3644 2001 3698 τόδε
2050 3648 2206 3698 εἰπέ
2244 3645 2459 3713 saepius

246 3740 354 3782 usu
385 3729 567 3796 venit,
627 3731 859 3784 alterum
893 3737 966 3783 τί
1013 3751 1119 3784 τοι
1156 3734 1415 3806 φρεσὶν
1449 3730 1729 3784 εἴδεται
1766 3731 1952 3784 εἶναι
1997 3729 2057 3783 111
2094 3751 2123 3781 υ
2162 3730 2257 3785 11:
2302 3728 2461 3782 τοῦτό

247 3829 451 3883 τιμοι
489 3813 784 3869 κάλλιστον
833 3817 915 3868 ἐνὶ
950 3820 1209 3888 φρεσὶν
1261 3817 1389 3871 ew.
1440 3815 1651 3889 εἶναι.
1724 3815 1807 3870 Cf.
1846 3814 1895 3869 A
1930 3815 2035 3869 228
2072 3812 2203 3867 τόδε
2235 3832 2321 3866 τοι
2360 3812 2460 3887 κὴρ

249 3897 459 3950 εἴδεται
497 3898 655 3951 εἶναι.

425 3981 492 4034 V.
517 3984 621 4038 200
654 3986 772 4037 καὶ
809 3985 1157 4054 ἀμείβετο
1190 3989 1388 4055 μυθῷ
1427 3985 1615 4055 (sing.)
1654 3983 1925 4054 Odysseae
1950 3986 2035 4039 est
2056 3983 2305 4053 proprius
2330 3983 2458 4047 ζ67,

252 4084 272 4114 ι
310 4066 444 4128 506,
485 4086 517 4118 κ
555 4068 646 4132 71,
688 4089 718 4122 ο
754 4069 888 4132 433,
931 4070 998 4124 al.

427 4150 492 4202 V.
529 4152 831 4210 203—-205
867 4179 935 4198 =
971 4154 1291 4209 519--52L

1958 4245 2044 4304 2*
