2975 4825
451 272 535 332 30

442 437 731 524 idemque
779 440 1112 506 dicendum
1160 444 1256 507 est
1300 441 1375 508 de
1426 462 1483 510 v.
1527 449 1653 507 448

531 532 667 606 ἀλλ’
712 538 821 608 ὅτε
863 540 940 629 δὴ
984 539 1234 629 κλισίην
1276 541 1663 630 Πηληϊάδεω
1715 538 2048 630 ἀφίκοντο.

617 645 694 710 V.
741 652 871 710 440
917 665 1046 729 sqq.
1101 666 1247 712 611111
1306 650 1495 730 poeta
1554 650 1988 731 componeret,
2048 648 2168 713 duo
2229 648 2355 712 loci
2396 649 2674 713 Homeri

445 751 593 814 sunt
636 749 694 814 ei
739 749 1088 829 obversati,
1172 769 1440 832 quorum
1499 770 1662 816 unus
1722 753 1894 818 extat
1953 751 2019 815 in
2074 753 2168 815 rh.
2218 753 2294 831 P,
2373 751 2532 817 alter
2591 752 2671 816 in

443 854 536 916 rh.
583 856 652 914 Γ.
762 853 853 918 Ut
908 853 1010 918 hic
1056 854 1406 920 Mercurius
1465 873 1580 937 pro
1630 856 1882 919 Priamo
1901 903 1917 933 ‚
1988 854 2077 919 sic
2137 856 2202 920 in
2259 855 2420 920 libro
2474 855 2674 920 XVH

442 955 814 1020 Alcimedon
885 973 998 1040 pro
1056 956 1557 1036 Automedonte‚
1636 977 1674 1022 a
1741 976 1864 1041 quo
1935 959 2214 1024 monitus
2283 960 2408 1036 est,
2482 958 2670 1023 frena

443 1059 730 1143 capessit.
819 1059 991 1125 Dicit
1033 1063 1221 1143 poeta
1265 1063 1325 1124 P
1360 1067 1483 1124 481

530 1154 617 1240 (ὃς
697 1154 881 1249 ἔφατ’
955 1165 1066 1249 (sc,
1127 1163 1437 1248 Autom.),
1523 1153 1921 1245 Ἀλκιμέδων
1996 1161 2069 1228 δὲ
2145 1156 2435 1250 βοηθόον
2507 1154 2662 1248 ἅρμ’

2122 1263 2486 1352 ἐπορούσας

525 1363 1069 1453 καρπαλίμως
1122 1363 1488 1453 μάστιγα
1551 1366 1679 1432 καὶ
1735 1364 1920 1455 ἥνια
1964 1366 2266 1449 λάζετο
2305 1364 2617 1455 χερσίν.

444 1470 567 1535 Sed
625 1472 679 1534 is
727 1470 834 1554 qui
876 1471 1044 1536 hunc
1086 1470 1321 1537 librum
1363 1472 1581 1555 panxit
1629 1491 1781 1556 ,611111
1823 1474 2033 1539 totum
2096 1471 2268 1538 illius
2308 1473 2518 1555 rhapS.
2560 1472 2670 1537 lo-

442 1594 586 1639 cum
629 1575 902 1659 recipere
944 1594 1069 1639 non
1113 1578 1359 1658 posset,
1423 1574 1534 1640 sed
1580 1576 1851 1640 alterum
1908 1577 2158 1642 tantum
2196 1593 2449 1641 versum
2492 1575 2668 1639 inte—

441 1697 658 1761 grum,
730 1676 854 1743 loci
900 1679 1005 1763 qui
1046 1677 1282 1763 legitur
1327 1681 1411 1761 (v.
1455 1680 1610 1763 359)
1655 1679 1721 1742 in
1762 1679 1950 1744 tertio
1992 1678 2154 1744 libro
2200 1696 2474 1757 memor,
2548 1678 2669 1742 ubi

442 1780 670 1845 dicitur
714 1779 789 1845 de
834 1780 1123 1846 Menelao

526 1874 596 1970 ἦ,
651 1880 791 1948 καὶ
833 1881 1196 1963 ἐπαΐξας
1237 1880 1521 1969 κόρυθος
1563 1877 1758 1966 λάβεν
1804 1879 2264 1970 ἱπποδασείης,

442 1989 599 2052 haec
658 1988 850 2053 verba
904 1986 971 2051 in
1035 2005 1220 2052 suum
1281 2007 1467 2052 usum
1528 1987 1857 2052 convertit.
1955 1986 2218 2070 Scripsit
2277 1987 2487 2051 autem
2544 2005 2663 2067 pro

443 2087 546 2153 ἐπ
564 2088 801 2168 αΐξας
847 2091 1121 2156 alterum
1165 2092 1580 2175 compositum
1598 2141 1614 2170 ‚
1675 2089 1842 2173 quod
1882 2090 2006 2155 loci
2052 2090 2364 2156 sententia
2405 2090 2661 2172 flagita-

442 2193 583 2270 bat,
625 2187 998 2274 ἀναΐξας,·
1045 2196 1109 2258 et
1136 2196 1255 2259 hoc
1285 2194 1514 2278 legitur
1543 2194 1610 2258 in
1632 2197 1835 2259 Γ198
1870 2199 1988 2279 στῆ
2020 2187 2083 2257 δ’
2117 2186 2223 2278 ἄρ’
2272 2187 2536 2270 ἀναΐξας
2570 2241 2585 2254 .
2609 2242 2621 2255 .
2643 2241 2659 2256 .

504 2301 514 2311 “
612 2297 703 2361 Ut
743 2297 954 2362 noster
1005 2298 1193 2380 poeta
1234 2298 1497 2363 verbum
1541 2288 1872 2360 ἄναΐσσειν
1889 2346 1905 2374 ,
1982 2296 2272 2362 omnibus
2311 2296 2452 2361 aliis
2496 2293 2657 2360 locis

441 2420 539 2484 ap.
595 2400 783 2465 Hom.
858 2400 1144 2468 absolute
1213 2401 1488 2485 positum
1503 2450 1519 2479 ‚
1593 2420 1738 2466 cum
1814 2400 2170 2468 accusativo
2251 2398 2664 2481 coniungeret

440 2497 816 2598 ’(ἆναΐξας
865 2499 1293 2589 ἐριούνιος
1339 2501 1557 2590 ἅρμα
1598 2501 1733 2567 καὶ
1777 2494 2146 2583 ἵππους’,
2202 2503 2408 2580 nulla,
2453 2520 2660 2583 quan-

440 2609 579 2672 tum
631 2606 844 2684 video,
902 2607 1028 2673 alia
1083 2627 1150 2673 re
1194 2606 1417 2674 ductus
1455 2609 1554 2673 est
1593 2607 1715 2672 nisi
1754 2607 1919 2690 quod
1951 2607 2144 2672 etiam
2191 2607 2252 2667 P
2285 2612 2410 2693 481
2469 2593 2659 2688 ἅρμ’

441 2704 916 2793 ἐπορούσας
982 2710 1220 2776 dictum
1291 2730 1426 2777 6336
1499 2711 1786 2788 videbam
1860 2728 1977 2774 nec
2035 2708 2321 2793 intelligo
2383 2706 2532 2790 quid
2588 2706 2660 2771 in

442 2813 758 2877 structura
843 2812 1133 2882 offendat.
1249 2815 1502 2894 (Moneo
1591 2814 1710 2878 1106
1803 2811 2102 2878 adversus
2179 2811 2658 2895 Liesegang.

336 3005 342 3012 ρ
441 2914 660 2980 Duisb.
703 2916 921 3000 Progr.
969 2923 1158 2982 1867.
1217 2937 1277 3001 p.
1323 2918 1449 2999 10.)

614 3017 714 3083 Ad
790 3020 1140 3104 exemplum
1212 3039 1431 3086 versus
1482 3020 1577 3083 rh.
1634 3020 1693 3081 P
1725 3025 1852 3084 456
1927 3011 2016 3095 ὣς
2080 3013 2280 3082 εἰπών
2338 3016 2660 3080 ἵπποισιν

441 3117 813 3186 ἐνέπνευσεν
844 3119 1040 3204 μένος
1081 3113 1159 3208 ἠΰ·
1200 3122 1447 3188 videtur
1491 3119 1713 3189 ‘versus
1756 3140 2001 3205 quoque
2042 3128 2168 3185 442

528 3220 610 3287 ἐν
656 3215 726 3288 δ’
771 3220 1103 3289 ἐ’πνευσ’
1158 3224 1521 3290 ἵπποισι
1564 3222 1705 3288 καὶ
1763 3220 2152 3309 ἡμιόνοις
2192 3218 2439 3301 μένος
2481 3210 2570 3305 ἠΰ·

441 3326 648 3393 factus
695 3347 863 3406 esse;
910 3332 1097 3412 atque
1140 3328 1363 3395 tertiae
1410 3328 1618 3411 rhaps.
1664 3347 1721 3392 v,
1768 3332 1892 3391 265

529 3426 603 3508 ἐξ
636 3429 868 3495 ἵππων
911 3423 1286 3514 ἀποβάντες
1328 3429 1444 3496 ἐπὶ
1483 3427 1696 3509 χθόνα
1741 3421 2243 3514 πουλυβότειραν

447 3535 702 3618 respicit
741 3535 929 3601 huius
972 3534 1121 3600 libri
1158 3537 1343 3619 poeta
1385 3555 1442 3601 v.
1486 3540 1611 3600 459

619 3736 685 3789 V.
721 3736 826 3792 443
862 3736 1008 3790 ἀλλ’
1048 3735 1164 3789 ὅτε
1200 3734 1268 3802 δὴ
1308 3734 1563 3808 πύργους
1594 3751 1666 3786 τε
1701 3735 1840 3786 νεῶν
1888 3734 2009 3785 καὶ
2045 3729 2262 3804 τάφρον
2306 3733 2552 3781 ἵκοντο

653 3821 719 3877 cf.
757 3826 819 3874 A
858 3822 962 3876 170
1000 3821 1143 3874 ἀλλ’
1182 3820 1289 3872 ὅτε
1326 3818 1407 3886 δὴ
1445 3816 1657 3877 Σκαιάς
1689 3836 1757 3871 τε
1790 3817 1970 3877 πύλας
2005 3820 2124 3869 καὶ
2165 3813 2356 3886 φηγὸν
2390 3816 2660 3867 ἵκοντο.

621 3906 684 3962 V.
723 3907 827 3960 445
865 3905 1112 3960 similiter
1148 3905 1391 3973 saepius:
1427 3925 1460 3970 η
1499 3904 1633 3967 286,
1668 3904 1800 3966 289,
1841 3902 1972 3965 318,
2013 3907 2056 3953 θ
2087 3901 2193 3954 445
2230 3937 2244 3950 .
2272 3939 2283 3949 .
2310 3936 2323 3949 .

617 3991 684 4044 V.
720 3992 825 4047 450
860 4007 978 4061 sqq.
1030 3991 1147 4045 coll.
1198 4001 1246 4058 ψ
1282 3990 1385 4044 190
1434 4004 1551 4058 sqq.
1606 3989 1743 4062 ἀτὰρ
1797 3985 2158 4054 καθύπερθεν
2204 3983 2414 4054 ἔρεψαν
2469 3988 2526 4034 Ψ
2558 3984 2663 4038 193

448 4080 543 4130 καὶ
581 4075 641 4129 εὖ
677 4076 1034 4150 καθύπερθεν
1068 4078 1252 4150 ἔρεψα.
1324 4076 1404 4129 Β6
1441 4073 1567 4128 aliis
1604 4073 1763 4128 rebus
1799 4087 1938 4140 quae
1972 4071 2032 4123 in
2068 4067 2210 4120 hunc
2243 4065 2421 4121 locum
2461 4066 2693 4155 cadunt·

444 4162 551 4215 alio
588 4163 703 4215 loco
742 4160 1150 4228 disputabimus·
