2975 4825
491 273 574 330 48

483 440 594 505 ubi
639 428 875 529 (vjrjow'
936 440 1075 505 voci
1135 430 1464 533 επολῖταί
1497 442 1859 524 opponitur.
1945 443 2160 508 Etiam
2202 444 2389 509 huius
2434 445 2702 527 rhapso-

487 543 625 608 diae
685 544 869 625 poeta
917 543 1016 606 his
1070 544 1351 608 versibus
1407 544 1606 608 utitur
1626 569 1640 620 3
1716 545 1825 609 sed
1884 548 2179 628 quoniam
2247 550 2417 629 prior
2481 568 2701 613 versus

481 649 600 712 hoo
643 647 778 711 loc-o
824 646 972 711 ferri
1016 667 1142 711 non
1183 650 1459 731 poterat,
1506 648 1700 711 alium
1727 668 1839 732 pro
1869 668 1941 714 eo
1976 651 2248 734 recipere
2281 654 2537 715 coactus
2584 655 2699 730 est,

484 751 592 835 qui
636 751 870 834 legitur
911 750 976 815 in
1017 750 1177 816 libro
1216 751 1399 814 XXII
1442 771 1501 815 v.
1546 756 1669 815 515

570 844 671 931 (ὃς
711 848 964 940 ἔφατο
1009 848 1401 933 κλαίουσ’,
1446 850 1591 916 ἐπὶ
1634 851 1716 917 δὲ
1761 851 2250 934 στενάχοντο
2293 861 2697 939 γυναῖκες.

651 958 921 1023 Versum
970 964 1088 1022 741
1118 1006 1133 1036 ,
1180 976 1303 1039 qua
1340 957 1781 1022 Andromache
1821 960 2164 1023 Hectorem
2213 961 2303 1024 sie
2349 962 2579 1026 affatur

572 1055 820 1147 άρητὸ
841 1086 886 1138 ν
920 1059 1004 1125 δὲ
1046 1064 1375 1124 τοκεῦσι
1417 1054 1615 1143 γόον
1655 1058 1796 1123 καὶ
1841 1060 2169 1139 πένθος
2214 1059 2526 1150 ἔθηκας

476 1168 661 1249 poeta
691 1167 1015 1230 mutuafius
1049 1166 1145 1229 est
1175 1185 1246 1229 ex
1278 1165 1483 1247 rhaps
1515 1167 1697 1242 1³37,
1741 1166 1847 1230 ubi
1876 1168 2203 1232 morientis
2226 1168 2545 1250 Euphorbi
2580 1171 2692 1234 est.

647 1270 916 1335 Versum
967 1275 1087 1333 759
1192 1311 1196 1312 ν
2002 1264 2433 1335 Ἀπόλλων

565 1363 687 1450 οἷς
728 1364 1072 1457 άγανοῖς
1112 1369 1499 1455 βελέεσσι
1520 1397 1553 1435 ν
1600 1370 2148 1455 ἐποιχόμενος
2187 1372 2693 1461 κατέπεφνεν

473 1478 541 1541 in
601 1479 652 1542 Ο
675 1476 812 1560 dys
829 1498 858 1542 s
876 1497 907 1542 e
927 1497 963 1541 a
1032 1476 1265 1560 legitur
1334 1499 1371 1560 γ
1420 1484 1548 1541 280
1622 1481 1685 1544 et
1760 1501 1795 1541 ο
1843 1485 1989 1544 411.
2104 1480 2198 1543 De
2256 1479 2458 1544 Diana
2521 1480 2692 1544 idem

477 1600 693 1649 versus
737 1583 1075 1665 usurpatur
1118 1603 1150 1643 ε
1203 1586 1326 1644 124
1346 1631 1360 1659 ,
1408 1580 1444 1643 λ
1484 1588 1608 1645 173
1653 1584 1717 1645 et
1767 1590 1909 1646 199.

645 1685 849 1749 Versu
898 1692 1019 1750 769
1063 1681 1261 1770 δαέρ
1283 1709 1382 1747 ων
1430 1678 1470 1770 ἢ
1512 1680 1830 1768 γαλόων
1870 1680 1912 1772 ἢ
1953 1680 2400 1769 εἰνατέρων
2443 1682 2689 1750 εὐπέ-

2292 1813 2347 1852 w
2367 1790 2405 1854 λ
2421 1814 2517 1853 ων

472 1893 677 1958 factus
735 1894 832 1957 est
881 1893 960 1956 ad
1005 1891 1360 1974 exemplum
1404 1910 1621 1957 versus
1640 1940 1655 1970 ‚
1720 1892 1825 1975 qui
1870 1892 1966 1958 bis
2027 1894 2199 1957 exta’n
2255 1894 2321 1956 in
2380 1895 2585 1976 rhaps.
2632 1902 2692 1957 Z

476 2018 528 2062 v.
577 2004 700 2063 378
745 1998 808 2060 eb
851 2003 974 2060 383
1024 1990 1122 2081 (ἦέ
1164 2018 1260 2081 πη
1307 1991 1372 2070 ἐς
1419 2033 1500 2041 -
1518 2044 1535 2071 ,
1582 1994 1684 2061 vel
1727 1991 1869 2059 οὔτε
1913 2019 2009 2082 πη
2056 1992 2121 2071 ἐς
2169 1996 2292 2079 -).

648 2101 880 2166 Versus
925 2107 1049 2166 784
1099 2119 1266 2183 seqq.

559 2201 591 2267 ἐ
606 2228 640 2266 ν
657 2229 689 2267 ν
710 2210 809 2290 ῆμ
827 2228 916 2291 αρ
960 2201 1077 2287 μὲν
1119 2200 1296 2287 τοίγε
1340 2192 1593 2286 οἷγίνεον
1642 2197 1927 2266 ἄσπετον
1968 2198 2146 2288 ὕλην·

559 2298 655 2372 άλ
674 2299 740 2372 λ’
799 2305 883 2372 ὅτ
903 2331 933 2372 ε
992 2304 1086 2394 δὴ
1145 2300 1340 2370 δεκά
1360 2330 1449 2392 τη
1495 2299 1770 2393 ἐφάνη·
1818 2301 2304 2402 φαεσίμβροτος
2359 2302 2505 2370 Ἠῶ
2526 2331 2577 2386 ς,
2611 2295 2622 2296 7
2665 2381 2668 2384 ¹

557 2409 692 2477 καὶ
739 2407 906 2477 τότ’
952 2402 1079 2496 ἓίρ”
1125 2407 1422 2498 ἐξέφερον

470 2505 799 2600 compositi
844 2519 992 2581 sunt
1037 2516 1175 2580 loeo
1220 2518 1503 2598 respecto
1548 2515 1653 2597 qui
1691 2516 1789 2581 esi
1827 2515 1893 2579 in
1933 2516 2027 2578 rh.
2071 2521 2135 2578 Ζ
2145 2538 2150 2545 ’
2176 2535 2236 2582 v.
2284 2523 2407 2580 174
2449 2534 2594 2600 sqq:

560 2617 687 2685 ἐνν
703 2625 741 2707 ἦ
754 2645 800 2703 μ
817 2644 858 2683 α
874 2645 908 2706 ρ
955 2616 1234 2699 ξείνισσε
1282 2617 1393 2683 καὶ
1434 2615 1614 2683 ἐννέα
1659 2620 1815 2702 βοῦς
1860 2613 2157 2703 ἱέρευσεν,

561 2714 738 2788 οῗλλ>
785 2718 916 2787 ὅτε
963 2721 1051 2810 δὴ
1099 2722 1233 2786 δεκ
1254 2715 1404 2809 άτη
1451 2714 1704 2808 ἐφάνη
1749 2715 2214 2806 ῥοδοδάκτυλος
2250 2718 2393 2787 Ἠιι)
2413 2749 2462 2803 ς,

559 2851 597 2890 κ
612 2822 695 2889 αἱ
742 2850 781 2888 τ
798 2819 833 2890 ό
853 2848 892 2889 τ
909 2848 939 2888 ε
982 2848 1093 2906 μιν
1143 2821 1396 2911 ἐρέεινε.

470 2929 811 2996 Substissuit
849 2931 1040 3012 poeta
1079 2949 1191 3013 pro
1244 2918 1761 3018 ιῥοὸοόαἰιτυλος3
1818 2928 1988 2994 aliud
2031 2929 2315 2994 Aurorae
2361 2931 2680 3012 epihheton

474 3023 1046 3121 ιφαεσίμβροτος’,·
1093 3035 1296 3099 simile
1344 3032 1493 3116 quid
1540 3052 1728 3116 supra
1772 3031 2042 3099 vidimus
2092 3031 2171 3098 ad
2216 3054 2275 3098 v.
2326 3039 2469 3098 363.
2560 3033 2683 3098 Sed

471 3138 576 3201 hie
618 3138 1024 3202 memorabile
1069 3140 1166 3203 est
1215 3139 1336 3202 adi.
1395 3131 1880 3224 φαεσίμβροτος
1933 3136 2321 3202 solummodo
2363 3138 2427 3200 in
2477 3137 2680 3220 Odys-

471 3260 579 3306 sea
622 3240 904 3306 adhiberi
953 3240 1017 3323 (κ
1065 3247 1186 3305 138
1236 3243 1300 3305 el:
1348 3240 1497 3323 191)
1545 3242 1609 3304 eh
1655 3259 1751 3321 ap.
1794 3239 2140 3304 Hesiodum
2183 3241 2250 3304 in
2292 3241 2405 3304 Th.
2449 3261 2508 3305 v.
2556 3246 2677 3305 958

465 3362 577 3429 pro
625 3343 793 3409 Solis
836 3344 1128 3427 epitheto.

643 3448 717 3512 In
759 3448 1091 3514 iterassione
1137 3467 1355 3514 versus
1404 3457 1438 3513 7
1447 3455 1527 3512 88
1564 3499 1568 3503 .

557 3540 756 3636 ἦμος
801 3541 872 3614 δ’
918 3543 1344 3638 ἠριγένεια
1389 3547 1599 3638 φάνη
1647 3546 2262 3634 ῥοδοδάκτυλος
2308 3538 2505 3625 Ἠώς

464 3654 833 3736 Hauptiu
852 3675 881 3719 s
922 3657 989 3719 in
1025 3656 1103 3720 iis
1149 3674 1306 3738 quae
1348 3650 1841 3720 Lachmanni
1881 3652 2419 3719 observationibus
2443 3652 2536 3742 3de
2567 3671 2678 3717 suo

468 3756 709 3823 addidit
750 3759 832 3842 (p.
861 3755 968 3843 99)
1010 3760 1300 3837 offendit3
1347 3761 1573 3843 quippe
1618 3762 1741 3823 uno
1782 3759 2027 3823 lanium
2069 3758 2207 3822 loeo
2249 3757 2468 3822 Iliadis
2514 3758 2679 3822 huno

639 3935 704 3987 V.
734 3936 836 3990 749
874 3933 1002 3995 ζωός
1037 3954 1141 4009 περ
1174 3933 1295 3990 ἐών.
1370 3942 1422 3987 Β
1444 3935 1573 3998 699,
1615 3935 1806 3998 Ρ153,
1845 3934 1977 3997 271,
2018 3953 2061 4002 χ
2084 3934 2189 3987 436
2221 3934 2357 3987 alias
2397 3932 2524 3994 ζωὸς
2559 3929 2676 3986 ἐών.

640 4022 703 4074 V.
738 4021 837 4075 757
878 4020 943 4074 cf.
980 4038 1028 4075 v.
1051 4024 1170 4077 421.
1209 4053 1276 4059 ——-
1347 4021 1413 4075 V.
1441 4022 1545 4077 760
1581 4023 1638 4074 et
1673 4021 1773 4074 761
1814 4021 2027 4089 saepius
2062 4021 2314 4087 legimus,

639 4105 701 4160 V.
729 4106 830 4160 775
867 4105 1066 4166 πάντες
1116 4108 1181 4161 δέ
1233 4125 1306 4178 με
1353 4112 1703 4183 πεφρίκασιν
1749 4106 1817 4160 cf.
1853 4111 1914 4159 Λ
1938 4105 2042 4160 383
2092 4109 2204 4158 οἵτε
2255 4121 2317 4157 σε
2369 4109 2676 4176 πεφρίκασι

466 4192 649 4245 λέονθ’
696 4193 766 4251 ὥς
798 4191 1046 4264 μηκάδες
1082 4194 1246 4265 αἶγες.
