2975 4825
482 1011 638 1126 Quo
669 1058 875 1141 magis
906 1059 1043 1121 tota
1072 1056 1203 1121 fere
1236 1055 1579 1137 antiquitas
1609 1075 1979 1137 persuasum
2007 1056 2227 1121 habuit
2256 1056 2521 1121 Diadem

305 1168 369 1231 et
414 1166 761 1247 Odysseam
820 1162 896 1225 ab
956 1180 1081 1226 11110
1142 1159 1481 1242 eodemque
1538 1162 1726 1243 poeta
1778 1160 2094 1242 profectas
2163 1179 2328 1238 esse,
2402 1180 2521 1243 quo

302 1269 510 1334 acrius
554 1269 800 1332 veteres
841 1265 1047 1330 critici
1090 1265 1457 1329 restiterunt
1501 1263 1786 1329 Xenoni
1832 1265 1905 1327 et
1953 1262 2377 1342 Hellanico‚
2416 1266 2523 1346 qui

303 1373 588 1437 carmina
607 1369 944 1434 Homerica
976 1369 1255 1433 eiusdem
1280 1368 1564 1431 auctoris
1595 1369 1758 1432 essel
1787 1367 2139 1450 negabant,
2174 1386 2246 1431 eo
2269 1369 2525 1433 maioris

307 1479 405 1541 est
462 1472 770 1539 momenti
815 1471 977 1554 quod
1023 1471 1571 1553 Aristophanes
1615 1471 2025 1552 Byzantius
2072 1473 2136 1535 et
2179 1470 2521 1536 Aristar—

309 1581 493 1644 chus
509 1627 525 1656 ‚
571 1578 747 1641 cuius
794 1624 828 1654 ‚‚
848 1578 1095 1657 quanta
1139 1573 1292 1638 olim
1323 1573 1678 1638 auctoritas
1703 1574 1906 1654 fuerit
1939 1593 2070 1636 non
2100 1572 2304 1637 solum
2348 1575 2531 1655 apud

304 1682 589 1746 homines
633 1679 910 1743 eiusdem
961 1669 1389 1758 professionis
1405 1726 1421 1753 ‚
1479 1677 1591 1741 sed
1641 1678 1823 1758 apud
1874 1677 2157 1741 eruditos
2213 1698 2423 1743 omnes
2469 1682 2528 1742 et

314 1784 597 1850 Graecos
642 1787 700 1846 et
733 1781 1006 1846 Latinos
1051 1780 1424 1846 incredibile
1446 1782 1689 1860 dictu‚“
1736 1769 1947 1864 (wolf
1969 1783 2249 1866 prolegg.
2278 1803 2339 1865 p.
2373 1783 2525 1866 227)

308 1891 574 1954 totum
632 1883 1044 1969 Odysseae
1102 1886 1353 1950 finem
1410 1885 1556 1949 inde
1616 1904 1653 1949 a
1711 1886 1918 1968 rhaps.
1981 1895 2042 1968 ψ
2096 1905 2155 1950 v.
2211 1887 2392 1950 297²
2447 1887 2524 1951 ab

262 2019 267 2023 ·
303 1994 587 2057 Homero
618 1990 1072 2056 abiudicarunt.
1120 1989 1301 2068 Quod
1330 1988 1633 2054 iudicium
1668 2008 1858 2071 quam
1888 2008 2108 2053 verum
2140 1990 2250 2067 sit,
2291 1989 2524 2074 Spoh-

305 2097 490 2160 nius
545 2096 611 2159 in
654 2095 813 2158 libro
864 2093 970 2187 (de
1034 2096 1310 2158 extrema
1356 2091 1673 2176 Odysseae
1732 2096 1910 2174 parte
1973 2113 2125 2158 aevo
2181 2094 2525 2158 recentiore

308 2201 446 2264 orta
475 2218 664 2280 quam
690 2198 1029 2263 Homerico
1053 2247 1068 2273 ‚
1113 2197 1279 2279 Lips.
1311 2190 1510 2259 1816'
1557 2196 1909 2260 luculenter
1958 2196 2249 2260 ostendit.
2299 2199 2524 2261 Totam

305 2301 621 2367 Iliadis
691 2304 1033 2365 extremam
1106 2299 1509 2384 rhapsodiam
1571 2318 1949 2382 quamquam
2018 2300 2240 2364 seriori
2305 2303 2527 2384 poetae

308 2405 664 2471 adscribere
717 2425 841 2469 non
899 2405 1035 2469 ausi
1093 2406 1268 2481 sunt,
1339 2403 1926 2468 Aristarchum
1980 2405 2224 2482 tamen,
2295 2406 2527 2488 quanto

310 2512 450 2573 erat
517 2510 804 2573 acumine
861 2509 1127 2591 ingenii,
1200 2527 1324 2572 non
1393 2507 1558 2591 fugit
1618 2508 1810 2572 etiam
1877 2508 1942 2571 in
1999 2509 2117 2572 hac
2181 2508 2529 2574 carminum

308 2612 788 2678 Homericorum
850 2614 1029 2695 parte
1087 2614 1151 2676 et
1209 2612 1396 2675 rebus
1442 2613 1507 2676 et
1551 2611 1887 2675 verborum
1943 2631 2063 2676 11311
2101 2612 2406 2677 nonnulla
2451 2613 2529 2677 ab

311 2717 576 2780 Homeri
637 2715 810 2797 poesi
870 2715 1059 2799 longe
1121 2714 1426 2779 recedere.
1544 2713 1666 2779 Sed
1730 2715 2012 2798 singulos
2073 2715 2247 2780 locos
2305 2717 2531 2781 maluit

311 2820 492 2884 obelo
553 2820 771 2883 notare
834 2839 1019 2901 quam
1075 2821 1277 2883 totam
1339 2818 1755 2900 rhapsodiam.
1855 2818 2299 2902 Amplissimus
2364 2821 2530 2885 eius-

312 2922 487 2988 modi
527 2921 705 2987 locus
751 2923 890 2987 octo
933 2922 1370 3005 complectitur
1406 2942 1624 2987 versus
1639 2972 1655 3000 ‚
1699 2922 1920 3005 quibus
1968 2921 2044 2986 de
2078 2923 2322 2989 Paridis
2364 2924 2531 2989 iudi-

318 3025 415 3089 cio
477 3025 704 3109 agitur.
817 3025 1086 3090 Omnino
1149 3025 1253 3088 hic
1309 3027 1560 3089 tantum
1609 3025 1962 3089 Aristarchi
2017 3044 2244 3090 nomen
2300 3027 2530 3110 accipi-

313 3147 490 3212 mus3
547 3130 763 3193 tamen
821 3129 1202 3211 reliquarum
1249 3128 1441 3192 etiam
1485 3129 1849 3194 atheteseon
1904 3129 2008 3211 (31
2064 3148 2162 3194 vv.
2209 3129 2275 3192 ni
2321 3129 2530 3213 fallor)

313 3233 655 3296 maximam
698 3233 944 3315 partem
989 3231 1070 3297 ad
1113 3234 1280 3297 hunc
1326 3232 1619 3297 criticum
1674 3233 1987 3316 pertinere
2034 3234 2131 3296 est
2172 3232 2530 3297 verisimile.

318 3332 531 3417 (Wolf
566 3334 849 3419 prolegg.
901 3342 1024 3399 269
1075 3336 1233 3419 sqq.)

325 3476 496 3485 -—-—-—

499 3554 549 3623 1)
589 3553 805 3607 Seneca
836 3553 903 3608 de
938 3555 1083 3609 brev.
1120 3555 1266 3607 vitae
1290 3569 1331 3609 c.
1361 3552 1427 3608 13
1461 3552 1702 3621 graviter
1731 3553 2001 3607 invehitur
2023 3553 2080 3607 in
2102 3554 2345 3608 homines
2364 3554 2531 3609 Grae-

317 3641 467 3693 culos
484 3679 498 3703 ,
546 3655 771 3708 quorum
823 3642 949 3709 ‘iste
998 3641 1214 3694 morbus
1250 3639 1414 3692 fuerit
1459 3655 1712 3707 quaerere
1746 3642 1928 3693 utrum
1964 3640 2110 3708 prior
2156 3642 2355 3709 scripta
2394 3645 2538 3696 esset

316 3725 451 3779 Dias
497 3741 568 3778 an
605 3724 847 3795 Odyssea
862 3767 876 3791 ‚
928 3729 1205 3796 praeterea
1240 3742 1311 3778 an
1347 3723 1587 3778 eiusdem
1631 3730 1769 3778 esset
1816 3726 2083 3780 auctoris?
2157 3726 2335 3795 Atque
2369 3728 2534 3782 etiam

319 3828 381 3865 ex
417 3811 535 3865 sch
551 3811 675 3865 olii
691 3829 716 3864 3
753 3813 1093 3881 perspicuum
1131 3814 1214 3867 est
1262 3827 1422 3880 quam
1459 3810 1652 3864 acriter
1700 3813 1906 3866 veteres
1956 3812 2081 3866 illos
2114 3811 2357 3866 homines
2392 3813 2534 3869 inse-

319 3897 429 3950 cuti
466 3896 592 3950 sint.
1476 3904 1487 3909 ’

494 3983 549 4051 2)
584 3982 842 4037 Eustath:
866 3983 1211 4057 Ἀρίσταρχος
1235 3983 1327 4034 καὶ
1351 3980 1748 4054 Ἀριστοφάνης
1782 3984 1858 4040 εἷς
1891 3980 1952 4034 τὸ
1975 3981 2030 4034 ,Ἀ
2049 3980 2185 4035 σπά
2202 3998 2268 4036 σι
2286 4006 2316 4037 ο
2334 4005 2354 4038 ι
2381 3988 2458 4038 λέ
2465 4006 2535 4038 κ-

319 4087 521 4140 τροιο
567 4073 867 4140 περατοῦσι
900 4068 999 4134 τὴν
1036 4065 1401 4131 Ὀδύσσειαν,
1460 4065 1527 4118 τὰ
1564 4067 1756 4137 ἑφεξῆς
1801 4066 1901 4125 ἕως
1938 4071 2128 4126 τέλους
2173 4074 2269 4121 toi*
2321 4072 2537 4136 βιβλίου

321 4151 662 4211 νοθεύοντες.
2063 4158 2066 4163 ’

2066 4246 2099 4303 1
