2975 4825
2408 285 2486 341 21

443 441 531 506 V.
582 449 705 507 243
766 462 897 526 sqq.
955 444 1257 510 nonnulla
1307 447 1455 512 sunt
1515 445 1819 512 eiusmodi
1869 452 1949 515 ut
2002 454 2223 535 poetae
2278 456 2489 527 locum

240 549 348 612 rh.
398 548 495 623 Σ,
577 565 760 628 quam
817 565 1005 629 supra
1065 548 1336 632 respexit
1380 570 1440 615 v.
1485 556 1567 615 83
1628 569 1795 634 sqq„
1867 551 2030 619 infra
2075 580 2129 625 v.
2160 564 2290 625 536
2336 582 2487 651 sqq,

240 652 318 715 in
393 651 682 715 mentem
754 651 997 716 venisse
1061 651 1252 718 liceat
1322 653 1717 720 contendere.
1833 655 1922 723 Ut
1984 660 2273 729 Priamus
2338 668 2488 736 dicit

241 753 438 820 filios
482 753 728 819 facilius
774 754 851 820 ab
900 753 1161 822 Achivis
1206 756 1445 822 victum
1488 757 1572 822 iri
1611 757 1884 825 Hectore
1928 762 2291 834 interfecto:

345 853 729 944 ῥηΐτεροι
770 855 891 944 γὰρ
934 858 1178 940 μᾶλλον
1201 847 1564 939 ,Ἀχαιοῖσιν
1606 859 1699 948 δὴ
1744 856 2049 931 ἔσεσθε

348 955 561 1024 κείνου
600 963 963 1045 τεθνηῶτος
1005 957 1346 1047 ἐναιρέμεν,

246 1066 358 1130 sic
400 1063 782 1147 Polydamas
835 1064 900 1130 in
943 1067 1002 1126 Σ
1048 1067 1282 1133 amicos
1328 1068 1693 1134 cohortatur
1745 1074 1819 1137 ut
1871 1092 1952 1139 ne
1994 1082 2363 1158 pernoctent
2401 1085 2480 1150 ad

244 1187 499 1247 naves,
542 1169 651 1233 sed
695 1187 830 1234 sese
875 1168 1197 1252 recipiant.
1285 1170 1460 1236 Dicit
1502 1171 1668 1236 enim
1707 1193 1765 1239 v.
1815 1181 1939 1240 275
1983 1197 2132 1264 sqq:

351 1266 531 1355 ’όφρα
566 1267 683 1352 μέν
731 1261 915 1349 οὗτος
957 1267 1110 1359 ἀνὴρ
1139 1268 1565 1357 Ἀγαμέμνονι
1606 1268 1792 1362 μήνιε
1833 1276 1973 1366 δίῳ,

350 1370 564 1460 τόφρα
603 1372 985 1459 ῥηΐτεροι
1027 1372 1403 1457 πολεμίζειν
1460 1370 1664 1464 ἦσαν
1696 1371 2045 1462 Ἀχαιοί.
2089 1425 2170 1436 --

348 1480 458 1541 νῦν
504 1467 561 1540 δ’
606 1471 803 1553 αἰνῶς
844 1472 1134 1544 δείδοικα
1179 1474 1489 1546 ποδώκεα
1531 1478 1881 1570 Πηλείωνα.

441 1580 690 1667 Imperf.
746 1573 996 1662 ὁμόκλα
1056 1585 1143 1669 (v.
1189 1586 1342 1684 247)
1396 1586 1701 1654 habemus
1750 1595 2190 1679 praeterquam
2229 1607 2478 1672 nonnisi

248 1687 316 1746 Σ
356 1689 502 1749 156.
549 1721 633 1730 --

439 1787 514 1851 V.
564 1792 688 1851 255
735 1788 1020 1872 deplorat
1067 1808 1134 1856 se
1179 1790 1471 1858 Priamus
1508 1796 1694 1878 plane
1745 1799 2033 1870 similiter
2076 1809 2263 1892 atque
2308 1814 2474 1879 The-

260 1892 353 1957 tis
398 1892 467 1956 in
505 1893 564 1951 Σ
600 1911 660 1957 v.
710 1897 791 1955 54
839 1911 929 1975 sq.
1028 1893 1322 1973 Queritur
1364 1896 1469 1963 hic

344 1988 550 2074 ι’όμοι
595 1989 746 2077 ἐγὼ
789 1987 1257 2079 πανάποτμος,
1303 1995 1500 2064 ἐπεὶ
1542 2000 1783 2071 τέκον
1827 1999 2011 2090 υἷας
2051 2010 2371 2104 ἀρίστους,

246 2097 519 2163 fortium
559 2117 743 2163 nemo
788 2098 992 2164 adhuc
1038 2104 1354 2184 superstes
1403 2106 1533 2183 est3
1574 2108 1717 2173 illa:

343 2195 557 2282 ὤμοι
601 2197 750 2284 ἐγὼ
797 2199 1008 2288 δειλὴ,
1053 2198 1105 2266 ἶό
1147 2228 1263 2286 μοι
1303 2204 1895 2299 δυσαριστοτόκεια,

342 2292 438 2389 ἥτ’
483 2297 675 2367 ἐπεὶ
719 2297 814 2390 ἔρ
855 2301 1094 2370 τέκον
1138 2301 1314 2372 υἱὸν
1357 2301 1659 2395 ᾰμύμονά
1702 2340 1773 2380 τε
1818 2317 2119 2407 κρατερόν
2163 2351 2251 2411 τε,

249 2426 578 2490 nunquam
637 2428 781 2474 eum
842 2408 909 2474 in
967 2409 1221 2478 domum
1264 2414 1441 2481 Pelei
1505 2418 1750 2488 salvum
1804 2429 1948 2511 post
1992 2429 2266 2501 reditum
2308 2442 2470 2505 reci-

246 2510 445 2593 piam.
474 2547 562 2556 -—
602 2511 740 2576 Vox
786 2512 949 2578 solit.
983 2509 1453 2600 πανάποτμος,
1506 2542 1663 2606 quae
1707 2547 1820 2610 per
1863 2550 1929 2597 se
1975 2554 2101 2600 non
2134 2543 2232 2606 est
2273 2545 2470 2612 offen-

250 2613 448 2692 sioni,
507 2633 545 2678 a
586 2617 800 2682 nostro
845 2619 1032 2700 poeta
1076 2618 1225 2685 ficta
1270 2625 1368 2688 est
1415 2628 1606 2691 metri
1654 2648 1842 2697 causa
1901 2624 2108 2722 atque
2143 2641 2269 2710 loci
2326 2666 2469 2716 sen-

251 2718 513 2782 tentiae.
559 2753 647 2765 —-
736 2719 810 2784 V.
863 2726 944 2785 27
951 2729 988 2785 8
1038 2720 1300 2806 denique
1345 2726 1582 2812 legitur
1628 2733 1703 2799 de
1747 2738 1935 2805 mulis
1979 2743 2217 2812 Priami

342 2812 529 2895 τούς
615 2817 709 2905 ῥά
792 2844 1004 2890 ποτε
1077 2822 1436 2916 Πριάμῳ
1508 2837 1786 2904 Μυσοὶ
1872 2839 2124 2911 δόσαν
2212 2846 2470 2937 ἀγλαὰ

2046 2951 2290 3040 δῶρα,

246 3026 318 3090 in
359 3028 418 3088 Σ
454 3034 539 3092 84
578 3028 849 3113 legimus
897 3031 972 3097 de
1015 3036 1253 3101 armis
1298 3035 1569 3106 Achillis

479 3128 762 3215 τὰμὲν
806 3136 1081 3222 Πηλῆϊ
1117 3137 1316 3204 θεοὶ
1361 3138 1606 3208 δόσαν
1649 3141 1911 3231 ἀγλαὰ
1955 3154 2201 3245 δῶρα,

246 3252 368 3298 nec
413 3253 539 3299 non
581 3235 751 3301 idem
794 3242 1085 3307 narratur
1126 3244 1206 3304 Π
1240 3251 1366 3310 867
1417 3247 1494 3313 de
1540 3251 1715 3334 equis
1756 3256 1982 3325 herois.

426 3320 720 3406 Sequitur
760 3327 834 3390 ut
880 3346 1067 3412 agam
1111 3328 1185 3394 de
1229 3352 1488 3402 numero
1534 3358 1832 3411 versuum
1876 3366 2031 3431 quos
2059 3355 2248 3436 poeta
2275 3358 2463 3434 huius
2540 3439 2545 3444 ,

242 3423 396 3490 libri
443 3445 516 3490 ex
561 3429 767 3512 rhaps.
814 3450 851 3492 ο
902 3431 1219 3514 Odysseae
1264 3440 1536 3522 repetiit.

423 3529 566 3595 Non
629 3531 899 3599 multum
959 3535 1165 3602 tribuo
1229 3541 1286 3604 ei
1340 3543 1433 3607 rei
1495 3548 1659 3630 quod
1718 3570 1937 3621 versus
2003 3566 2128 3627 264
2189 3566 2460 3641 alterum

240 3633 495 3699 hemist.
535 3633 671 3699 ἵνα
718 3629 1224 3724 πρήσσωμεν
1280 3639 1522 3712 ὁδοῖο
1563 3652 1667 3718 hic
1715 3657 1898 3724 modo
1944 3662 2176 3749 legitur
2222 3679 2346 3739 219
2396 3681 2461 3744 et

240 3737 535 3803 similiter
592 3758 780 3805 versu
828 3748 946 3820 473
1002 3742 1112 3808 sed
1168 3746 1385 3816 libatio
1440 3772 1711 3840 quoque,
1774 3782 1962 3846 quam
2005 3770 2267 3842 Hecuba
2320 3780 2457 3847 Iovi

234 3840 429 3919 facit,
489 3842 853 3926 priusquam
897 3847 1183 3915 Priamus
1227 3872 1336 3920 rex
1374 3856 1441 3920 in
1486 3863 1696 3929 castra
1738 3864 2127 3941 Achivorum
2169 3881 2453 3962 proficis-

238 3945 407 4010 citur
425 3994 440 4024 ,
493 3945 679 4028 plane
730 3948 954 4015 iisdem
1004 3956 1214 4023 verbis
1273 3957 1648 4032 describitur
1664 4017 1681 4048 ‚
1743 3974 1965 4056 quibus
2018 3985 2206 4062 poeta
2250 3989 2451 4057 utitur

237 4093 2448 4162 -ᾕ-ᾕ-ᾑ-Ὰ

414 4177 483 4232 V.
522 4180 627 4237 246
666 4181 1064 4246 hemistichium
1103 4191 1333 4253 alterum
1367 4210 1516 4268 saep.
1553 4214 1639 4270 ap.
1678 4199 1834 4271 Hom.
