2975 4825
435 283 471 340 6

436 452 561 512 623
623 446 835 513 iterati
887 447 1292 516 inveniuntur
1357 450 1508 533 180)
1571 450 1766 517 etiam
1822 453 2154 534 superatur
2172 502 2187 532 ,
2257 453 2390 519 iure
2432 457 2655 521 tamen

435 550 731 615 excitabit
811 550 1287 618 admirationem
1361 554 1661 617 nostram.
1786 553 2039 620 Etenim
2122 560 2407 638 quarta
2478 559 2598 624 fer
2616 580 2654 625 e

430 673 616 737 pars
681 654 942 719 totius
1010 656 1505 738 rhapsodiae
1577 657 1704 740 (vv.
1754 657 2003 723 circiter
2051 661 2230 743 200)
2300 682 2388 727 ex
2447 663 2654 729 aliis

433 776 572 823 seu
659 757 956 823 Iliadis
1038 777 1176 824 seu
1250 759 1664 844 Odysseae
1753 760 1950 843 (extat
2024 763 2191 829 enim
2264 766 2391 829 fere
2464 765 2652 832 dimi-

432 860 605 926 dium
647 881 944 927 versuum
987 864 1361 928 iteratorum
1402 863 1467 926 in
1511 865 1633 928 hoc
1690 866 1993 950 carmine)
2035 866 2100 931 li
2121 867 2159 932 b
2180 870 2250 934 ri
2268 888 2298 933 s
2342 870 2655 936 translata

433 966 560 1043 est,
623 984 739 1030 nec
795 966 1025 1030 desunt
1074 969 1399 1047 praeterea
1459 968 1525 1031 et
1567 985 1784 1033 versus
1832 972 1898 1034 et
1945 971 2274 1040 verborum
2318 973 2653 1043 iuncturae

435 1067 577 1135 aliis
617 1068 965 1135 carminum
1008 1070 1492 1136 Homericorum
1537 1070 1691 1148 locis
1735 1071 2110 1142 simillimae.

606 1190 746 1255 Iam
786 1208 1086 1256 versuum
1130 1191 1344 1256 ordine
1385 1190 1635 1275 singula
1680 1212 2146 1277 persequamur.

605 1313 682 1376 In
724 1335 750 1373 ι
797 1317 922 1376 373
971 1311 1124 1377 dicit
1171 1315 1358 1396 poeta
1405 1313 1480 1378 de
1525 1313 1913 1397 Polyphemo

517 1429 643 1494 κὰδ
681 1427 758 1495 δέ
799 1455 910 1513 μιν
956 1428 1158 1509 ὕπνος
1183 1429 1401 1518 τἨιρει
1449 1431 1927 1521 πανδαμάτωρ,·

426 1552 548 1616 hoc
592 1552 793 1616 somni
839 1553 1162 1635 epitheton
1204 1553 1308 1640 hic
1354 1553 1557 1618 solum
1602 1554 1838 1637 legitur
1883 1558 1948 1621 et
1992 1576 2046 1621 v.
2082 1561 2119 1620 5
2167 1559 2418 1622 nostrae
2460 1558 2650 1640 rhap-

433 1654 675 1732 sodiae3
738 1674 960 1739 nempe
1018 1658 1224 1721 totum
1281 1657 1498 1722 locum
1555 1656 1609 1721 is
1663 1660 1767 1742 qui
1816 1660 1985 1723 hunc
2028 1661 2258 1726 librum
2305 1661 2653 1744 composuit

437 1760 503 1824 in
550 1778 734 1826 suum
780 1778 964 1824 usum
1010 1760 1352 1837 convertit3
1400 1762 1556 1826 dicit
1603 1761 1676 1826 de
1722 1762 1971 1827 Achille

517 1870 669 1944 οὐδέ
713 1903 827 1961 μιν
867 1875 1308 1963 ὕπνοςτῊιρει
1356 1877 1822 1966 πανδαμάτωρ.

605 2017 681 2081 V.
725 2024 784 2082 8.
853 2012 1102 2102 ἀνδρῶν
1146 2039 1218 2083 τε
1262 2016 1629 2100 πτολέμους
1673 2010 1960 2100 ἀλεγεινά
2006 2042 2075 2082 τε
2118 2014 2367 2101 κύματα
2411 2014 2653 2105 πείρων

430 2134 496 2198 in
542 2133 823 2217 Odyssea
865 2137 963 2200 ter
1007 2135 1283 2220 legimus
1324 2136 1570 2220 (3183,
1613 2160 1646 2197 ν
1681 2144 1758 2200 91
1807 2139 1871 2201 et
1903 2138 2089 2220 262),
2137 2156 2211 2201 ac
2256 2137 2351 2201 bis
2398 2135 2651 2218 quidem

429 2237 644 2303 Ulixes
695 2257 766 2303 eo
815 2240 891 2304 de
953 2259 1018 2304 se
1077 2239 1209 2323 ipse
1272 2238 1506 2317 utitur,
1577 2241 1920 2322 primum
1968 2239 2077 2304 ubi
2122 2240 2283 2323 apud
2334 2240 2650 2304 Phaeaces

430 2341 812 2427 EurylochO,
856 2343 1068 2407 iuveni
1112 2345 1297 2426 atque
1341 2343 1583 2407 homini
1630 2345 1896 2427 superbo
1911 2393 1926 2423 ,
1975 2343 2078 2426 qui
2109 2342 2467 2407 certaminis
2501 2361 2648 2407 eum

428 2446 787 2530 imperitum
834 2466 967 2511 esse
1010 2447 1191 2525 dicit,
1239 2449 1579 2531 respondet
1625 2468 1761 2513 esse
1793 2447 2044 2530 quidem
2087 2467 2152 2512 se
2198 2446 2414 2511 multis
2454 2446 2645 2511 mise-

430 2550 540 2615 riis
581 2553 752 2615 terra
791 2552 1073 2634 marique
1121 2551 1275 2616 satis
1325 2553 1667 2636 agitatum,
1710 2555 1922 2617 tamen
1947 2553 2279 2622 ‚certamen
2325 2569 2450 2616 non
2495 2550 2644 2615 sub·
2675 2598 2684 2605 .

431 2655 777 2739 terfugere,
836 2674 916 2719 se
940 2654 1276 2720 cundum
1325 2656 1434 2720 ubi
1487 2658 1706 2720 narrat
1742 2656 2066 2720 Minervae
2110 2654 2383 2739 pastoris
2425 2654 2647 2719 habitu

431 2758 687 2824 indutae
733 2760 953 2824 natum
998 2778 1063 2823 se
1111 2778 1245 2824 esse
1298 2760 1364 2823 in
1398 2760 1617 2834 Oreta3
1664 2778 1808 2824 cum
1847 2777 1991 2824 vero
2024 2758 2456 2838 Orsilochum,
2500 2758 2646 2822 Ido-

428 2863 637 2926 menei
677 2862 879 2927 filium
898 2912 914 2941 ,
957 2862 1183 2946 quippe
1227 2863 1334 2946 qui
1373 2864 1580 2945 ipsum
1626 2862 1860 2943 praeda
1903 2862 2345 2939 Troianorum,
2394 2863 2648 2946 propter

431 2985 619 3049 quam
682 2966 918 3031 multas
977 2967 1262 3031 miserias
1330 2966 1729 3047 periculaque
1797 2967 1966 3030 terra
2031 2964 2311 3048 marique
2369 2964 2647 3042 subierit,

431 3071 704 3136 voluerit
749 3069 1016 3153 spoliare
1043 3119 1058 3148 ‚
1122 3090 1234 3135 sua
1278 3089 1470 3134 manu
1514 3069 1648 3134 vita
1699 3069 2063 3151 privaverit,
2123 3069 2368 3134 exulem
2409 3069 2647 3134 factum

437 3186 593 3239 esse.
683 3172 857 3238 Sem
876 3173 979 3252 el,
1040 3173 1149 3239 ubi
1211 3172 1413 3239 Ulixis
1476 3172 1787 3238 adventus
1846 3173 2195 3238 Ithacensis
2256 3172 2648 3250 describitur,

606 3431 671 3484 V.
708 3432 759 3485 2.
803 3429 1044 3505 δόρποιο
1081 3431 1318 3501 μέδοντο
1356 3431 1423 3484 cf.
1460 3435 1518 3482 Σ
1547 3430 1650 3485 245
1685 3426 1867 3500 πάρος
1904 3427 2145 3503 δόρποιο
2187 3429 2485 3499 μέδεσθαι.

603 3534 669 3587 V.
709 3536 760 3588 3.
803 3533 983 3587 ὕπνου
1010 3552 1067 3586 τε
1091 3538 1359 3607 γλυκεροῦ
1383 3532 1754 3608 ταρπήμεναι.
1831 3532 2037 3586 Similis
2068 3531 2323 3601 junctura
2353 3534 2438 3587 est
2474 3542 2519 3599 ψ
2542 3531 2648 3587 346
2751 3572 2754 3573 ⁷

431 3617 586 3687 εἰνῆς
622 3610 681 3687 ἧς
717 3617 926 3687 ἀλόχου
960 3617 1315 3694 ταρπήμεναι
1356 3619 1453 3685 ἠδὲ
1495 3622 1588 3671 καὶ
1641 3617 1847 3683 ὕπνου,
1900 3633 2173 3686 nunquam
2210 3617 2369 3681 alibi3
2421 3633 2516 3671 nec
2546 3616 2646 3671 inf.

428 3704 782 3779 ταρπήμεναι
821 3706 930 3759 alio
965 3706 1081 3759 loco
1123 3704 1465 3774 deprehendi.
1539 3704 1822 3759 structura
1856 3704 1945 3758 hic
1978 3721 2085 3759 non
2123 3704 2255 3759 satis
2291 3704 2428 3758 fluit.

596 3809 661 3860 V.
684 3812 737 3864 6.
800 3806 1125 3880 Πατρόκλου
1162 3813 1448 3861 ποθέων
1486 3805 1850 3876 ἁδροτῆτά
1886 3825 1956 3859 τε
1996 3811 2116 3859 καὶ
2153 3811 2364 3876 μένος
2399 3802 2480 3872 ἠΰ
2519 3820 2647 3859 oon-

430 3894 572 3951 feras
611 3895 753 3965 quod
791 3894 987 3949 dicitur
1025 3901 1086 3946 H
1112 3894 1214 3948 857
1249 3894 1313 3947 de
1351 3893 1534 3948 anima
1569 3891 1806 3948 Patrocli
1839 3892 1908 3945 ad
1944 3892 2141 3948 Orcum
2174 3892 2433 3960 fugiente.

846 3980 914 4035 ὃν
950 3978 1170 4050 πότμον
1205 3978 1452 4050 γοόωσα,
1500 3979 1779 4030 λιποῦσ’
1827 3978 2179 4050 ἁδροτῆτα
2216 3981 2332 4030 καὶ
2367 3976 2491 4044 ἥβη
2508 3996 2555 4031 ν.

635 4084 701 4136 V.
740 4084 787 4137 7.
843 4081 928 4150 ἠδι
970 4081 1154 4137 ὁπόσα
1191 4080 1507 4136 τολύπευσε,

848 4169 974 4225 ἐπεὶ
1002 4169 1345 4239 ’πόλεμον
1383 4166 1725 4221 τολύπευσεν
1758 4186 1793 4218 α
1825 4166 1922 4230 38,
1960 4168 1997 4218 δ
2032 4165 2155 4220 490.
