2975 4825
458 255 537 312 22

449 421 514 485 in
575 419 854 503 Odyssea
911 439 1032 504 quo
1092 420 1231 485 loeo
1285 421 1613 487 Menelaus
1674 421 2119 487 Telemachum
2185 421 2265 485 ad
2325 419 2682 487 Nestorem

384 591 387 594 ,
449 523 813 589 tendentem
872 523 1152 589 dimittit.
1243 524 1527 608 Utroque
1577 524 1743 589 enim
1800 523 1938 589 loeo
2000 524 2129 607 (hie
2169 545 2227 590 v.
2273 532 2678 604 284-286,

448 626 515 690 ιιι
565 626 677 693 Οᾶ.
725 648 780 692 v.
833 627 1230 709 148—150)
1276 626 1577 711 leguntur
1620 628 1689 692 hi
1729 647 1979 693 versus:

533 736 768 811 οἶνον
825 736 1096 827 ἓ’χουσ’
1152 745 1255 830 (in
1313 748 1441 812 Od.
1506 742 1726 829 ἔχων)
1794 742 1876 811 ἐν
1895 744 2141 834 χειρὶ
2201 742 2677 833 μελίφρονα

1907 849 2470 973 δεξιτερῆφιν,

530 949 848 1039 χρυσέῳ
892 950 971 1017 ἒν
1014 951 1302 1035 δέπαϊ,
1348 948 1557 1040 όφρα
1603 950 2011 1039 λείψαντε
2055 948 2403 1039 κιοίτην,·

539 1058 679 1142 στῆ
721 1046 786 1119 δ’
805 1055 1090 1120 ἵππων
1137 1045 1738 1143 προπάροιθεν
1782 1095 1867 1105 -

624 1172 768 1238 Sine
809 1174 995 1238 dubio
1037 1176 1223 1258 poeta
1262 1174 1447 1239 huius
1492 1174 1860 1259 rhapsodias
1902 1174 2110 1239 locum
2158 1173 2470 1256 Odysseae
2513 1176 2674 1238 ante

453 1276 667 1342 oeulos
697 1277 934 1342 habuit.
967 1314 1054 1323 —-
1098 1277 1277 1341 Idem
1318 1276 1628 1342 affirmare
1659 1277 1809 1342 lieet
1855 1276 1930 1342 de
1962 1277 2248 1342 versibus
2282 1283 2408 1340 320
2439 1277 2501 1340 et
2532 1282 2668 1340 321

1891 1390 2141 1480 (εἴσατο
2184 1392 2259 1460 δέ
2303 1396 2488 1481 σφιν)

537 1495 817 1577 ὁὲξιος
861 1487 1103 1576 ἀΐξας
1144 1493 1352 1583 ὑπὲρ
1400 1493 1735 1576 domog-
1785 1494 1860 1563 οὶ
1907 1497 1992 1563 δὲ
2038 1494 2371 1575 ἰδόντες

531 1598 918 1687 γήθησαν
976 1599 1119 1666 καὶ
1163 1607 1431 1666 πᾶσιν
1476 1598 1601 1665 ἐνὶ
1646 1599 1884 1688 φρεσὶ
1931 1599 2199 1684 θυμὸς
2242 1597 2523 1687 ἰάνθη,

449 1721 558 1800 qui
599 1720 664 1784 in
711 1717 1043 1801 rhapsodia
1090 1741 1126 1782 ο
1171 1739 1230 1783 v.
1282 1724 1657 1783 164-165
1702 1719 2018 1802 leguntur.
2107 1718 2369 1783 Initium
2411 1718 2673 1782 tantum

447 1824 675 1905 prioris
721 1841 941 1888 versus
984 1822 1267 1905 paullum
1311 1822 1554 1898 differt3
1599 1824 1697 1887 est
1742 1822 1910 1887 enim
1954 1823 2021 1887 in
2065 1844 2100 1884 ο

534 1921 745 2002 δέξιος
787 1918 921 2009 ἤϊξε
966 1914 1216 2007 neda&
1261 1923 1514 1988 ἳππων.

622 2041 901 2123 Utroque
942 2041 1082 2105 loco
1127 2041 1345 2106 dextra
1390 2041 1525 2106 avis
1570 2060 1680 2123 pro
1726 2041 1888 2106 bono
1935 2041 2142 2106 omine
2195 2043 2321 2119 est,
2378 2041 2486 2105 sed
2524 2040 2670 2105 illio

449 2143 801 2208 fortuito
847 2146 1139 2227 apparet,
1183 2144 1287 2208 hie
1331 2145 1642 2227 optata.

615 2263 852 2328 Versus
907 2264 1014 2344 qui
1068 2282 1258 2345 supra
1311 2263 1610 2347 leguntur
1667 2270 1793 2327 302
1812 2268 2037 2327 —305
2121 2264 2253 2327 sine
2329 2263 2514 2328 dubio
2576 2262 2669 2327 ad

445 2366 800 2449 exemplum
842 2366 995 2431 faeti
1040 2369 1188 2433 sunt
1226 2362 1523 2433 versuum
1566 2367 1632 2430 in
1677 2365 1958 2449 Odyssea
1998 2366 2243 2450 saepius
2287 2366 2669 2431 iteratorum

442 2468 515 2555 (α
560 2476 719 2546 136,
762 2468 800 2532 ὁ
846 2474 963 2547 52,
1008 2492 1047 2554 η
1096 2477 1254 2548 172,
1301 2471 1366 2550 [κ
1412 2471 1599 2551 368],
1646 2492 1682 2554 ρ
1730 2470 1870 2553 91),
1914 2489 2031 2534 nee
2071 2488 2196 2534 non
2239 2470 2307 2533 in
2353 2488 2426 2532 ea
2468 2470 2669 2550 rhap—

443 2571 618 2637 sodia
675 2591 748 2638 ex
806 2591 929 2655 qua
984 2571 1188 2637 multa
1242 2573 1362 2637 hoc
1421 2571 1562 2636 loeo
1615 2572 1799 2637 huius
1857 2572 2004 2637 libri
2046 2574 2235 2656 poeta
2276 2570 2671 2655 deprompsit

443 2676 823 2740 extantium:
891 2698 927 2738 ο
978 2680 1119 2740 135.
1209 2674 1330 2741 Sed
1389 2693 1532 2740 eum
1589 2675 1730 2740 aliis
1784 2675 1941 2740 loeis
1985 2694 2229 2758 semper
2276 2674 2357 2739 ad
2398 2674 2668 2740 verbum

454 2779 819 2860 repetantur

525 2890 871 2976 χέρνιβα
914 2883 1491 2979 δ’ἄμφίπολος
1531 2887 1866 2979 προχόῳ
1909 2890 2261 2973 ἐπέχευε
2301 2890 2670 2979 φέρουσα

530 2997 692 3082 καλῇ
707 3045 723 3075 ,
765 2991 1024 3081 χρυσείῃ
1066 2992 1236 3081 ὑπὲρ
1280 2989 1584 3082 ἅργύροιο
1631 2994 1900 3082 λέβητος

529 3123 563 3161 ν
582 3095 608 3161 ί
626 3110 739 3183 ψα
755 3117 797 3160 σ
810 3104 867 3164 θ
882 3122 926 3162 α
940 3123 965 3162 ι
982 3149 997 3178 ,

444 3220 545 3283 hie
585 3222 774 3302 poeta
813 3220 1016 3286 multa
1059 3240 1171 3304 pro
1214 3221 1312 3286 sui
1351 3220 1478 3286 loci
1526 3220 1838 3286 sententia
1880 3220 2183 3284 mutavit:

611 3441 675 3493 V.
714 3442 817 3496 271
856 3445 951 3493 καὶ
990 3440 1051 3493 τὸ
1090 3443 1194 3511 μὲν
1234 3438 1293 3494 εὖ
1330 3446 1646 3507 κατέθηκαν
1682 3442 1912 3507 ἐϋξεστῷ
1950 3442 2044 3493 ἐπὶ
2079 3441 2236 3512 ῥυμῷ
2294 3437 2362 3492 cf.
2399 3442 2428 3501 ζ
2462 3438 2530 3493 75
2568 3444 2670 3492 καὶ

442 3524 541 3592 τὴν
576 3526 682 3596 μὲν
718 3530 1021 3591 κατέθηκεν
1053 3526 1281 3593 ἔϋξεστῷ
1321 3525 1406 3578 ἐπ’
1448 3523 1648 3598 ἀπήνῃ.
1718 3524 1855 3579 Vide
1891 3539 2029 3594 quae
2063 3523 2295 3577 diximus
2328 3540 2382 3591 p.
2425 3525 2504 3578 19.

618 3611 685 3664 V.
724 3612 828 3666 283
864 3609 1101 3677 τετιηότι
1140 3615 1305 3682 θυμῷ
1345 3615 1405 3664 Λ
1443 3611 1566 3665 555.

620 3698 686 3751 V.
723 3698 829 3752 292
876 3701 1015 3749 αἴτει
1054 3694 1335 3760 δὀἰωνὸν,
1390 3695 1615 3765 ταχιὶν
1664 3694 1996 3764 ἄγγελον.
2068 3694 2348 3763 Nusquam
2381 3694 2440 3747 in
2472 3693 2670 3759 Iliade,

446 3786 863 3855 quotiescunque
917 3781 974 3836 di
1026 3798 1122 3851 per
1159 3798 1285 3837 aves
1325 3783 1455 3853 quid
1494 3782 1599 3838 sibi
1635 3781 1881 3836 videatur
1914 3780 2097 3849 palam
2133 3781 2364 3845 faciunt,
2420 3780 2537 3834 avis
2577 3779 2673 3836 dei

444 3871 666 3926 nuntius
702 3869 1021 3938 appellatur.
1094 3868 1188 3923 Fit
1219 3869 1364 3924 idem
1399 3869 1457 3922 in
1497 3867 1593 3924 Od.
1628 3869 1687 3922 in
1721 3866 1801 3922 rh.
1840 3887 1869 3919 ο
1909 3883 1959 3920 v.
2000 3867 2131 3922 526:
2170 3867 2444 3921 ἐπέπτατο
2483 3865 2673 3927 δεξιὸς

443 3955 616 4031 ὄρνις,
654 3952 1249 4026 Κίρκος,ᾍπόλλωνος
1287 3954 1496 4023 ταχὺς
1532 3952 1848 4023 ἅγγελος.

621 4043 686 4097 V.
723 4042 827 4095 299
865 4058 1020 4096 serm.
1059 4057 1142 4111 ep.
1178 4059 1358 4111 propr.
1401 4043 1504 4096 est.

625 4128 693 4181 V.
734 4127 1039 4183 310—313
1073 4153 1142 4173 =
1180 4128 1496 4182 292-295,
