2975 4825
364 214 445 272 38

535 381 610 448 V.
660 387 784 447 565
832 400 964 465 sqq.

449 476 537 549 οὗ
614 482 764 569 γάρ
840 506 927 548 κε
997 477 1240 568 τλαίη
1308 481 1619 568 βροτὸς
1689 460 2072 565 ἔλθέ-μεν,
2151 478 2344 550 οὐδὲ
2397 476 2614 567 μάλ’

2193 584 2413 674 ἡβῶν

441 690 510 769 ἐς
554 686 859 777 στρατόν.
902 681 1048 756 οὐδὲ
1090 688 1211 776 γὰρ
1258 686 1336 754 ἂν
1379 683 1700 775 φυλάκους
1739 684 1973 770 λάθοι,
2020 682 2177 756 οὐδέ
2203 687 2263 756 κ>
2314 687 2480 779 ὀχῆα

446 799 628 882 ῥεῖα
689 790 1280 877 μετοχλίσσειε
1343 791 1608 879 θυράων
1655 786 2024 881 ἡμετεράων

364 899 444 965 ad
490 899 846 983 exemplum
886 899 1038 965 faeti
1085 901 1234 965 sunt
1273 921 1329 965 v.
1381 905 1506 963 186
1554 919 1642 982 sq.
1689 899 1755 963 in
1803 908 1863 984 ψ

447 994 692 1089 ἀνδρῶν
736 993 804 1067 δ’
867 999 953 1067 οὔ
1016 1000 1152 1067 κέν
1196 1026 1299 1080 τις
1343 1000 1503 1082 ζωὸς
1546 1000 1873 1088 βροτὸς,
1918 994 2110 1067 οὐδὲ
2149 998 2308 1085 μάλ
2351 998 2578 1091 ἡβῶν

449 1109 634 1191 ῥεῖα
689 1102 1309 1188 μετοχλίσσειε

371 1200 537 1275 Οὐδὲ
595 1204 755 1293 μάλ’
803 1206 975 1296 ἡβῶν
1018 1211 1225 1294 aptius
1280 1230 1412 1276 esse
1473 1211 1539 1276 in
1586 1221 1643 1296 ψ
1700 1212 1869 1276 reete
1931 1209 2258 1278 contendit
2301 1211 2437 1277 Lie
2461 1231 2612 1278 se—

373 1333 605 1398 gang

542 1417 617 1482 V.
663 1425 788 1483 568

451 1525 549 1605 τῷ
601 1523 708 1586 νῦν
768 1514 857 1608 μή
912 1544 1027 1604 μοι
1083 1521 1325 1603 μᾶλλον
1387 1518 1474 1586 ἐν
1536 1517 1831 1605 ἄλγεσι
1875 1520 2134 1605 θυμὸν
2193 1514 2484 1609 ὀρίνῃς

368 1623 628 1691 offendit
670 1622 764 1719 c«321
807 1620 1075 1709 ἄλγεσι).
1169 1625 1567 1693 Consoeiavit
1608 1627 1729 1690 hoe
1772 1626 1909 1692 loeo
1949 1628 2168 1710 poeta,
2212 1628 2285 1691 ut
2324 1627 2605 1710 saepius„

371 1731 526 1796 duas
555 1731 878 1795 iuncturas
907 1730 1306 1807 Homericas3
1356 1732 1558 1795 altera
1590 1733 1721 1820 ιθυ
1736 1726 1881 1811 μὸν
1913 1720 2176 1814 ὀρίνει
2195 1724 2275 1809 ν’,
2323 1730 2608 1798 maxime

371 1832 704 1899 coniuncta
741 1853 883 1898 eum
929 1829 1023 1923 (ἓν
1070 1824 1438 1920 οτήθεσσί,
1503 1833 1750 1916 saepius
1807 1853 1902 1917 ap.
1949 1835 2297 1900 Homerum
2347 1834 2606 1899 inveni-

369 1937 475 2001 tur
518 1936 621 2029 (A
668 1945 825 2015 208,
869 1939 929 1999 Β
980 1945 1137 2017 142,
1182 1942 1243 1999 Γ
1277 1944 1439 2017 395,
1485 1937 1526 2000 d
1572 1943 1732 2015 365,
1781 1956 1823 2000 σ
1871 1939 2052 2022 150),
2113 1938 2314 2003 altera
2354 1936 2605 2022 legitur

548 2141 607 2193 V.
643 2142 747 2196 563
785 2141 921 2195 οὐδέ
951 2160 1025 2212 με
1071 2138 1260 2209 λήθεις
1302 2141 1391 2195 vel
1439 2141 1578 2193 οὐδέ
1628 2156 1690 2193 σε
1744 2137 1897 2205 λήθω
1947 2141 2025 2209 (K
2055 2140 2185 2203 279,
2243 2146 2300 2191 Ψ
2331 2140 2455 2209 648)
2509 2141 2607 2195 vel

374 2225 492 2279 οὔτι
530 2245 601 2296 με
641 2225 830 2293 λήθεις
866 2227 916 2296 (τ
950 2228 1040 2296 91)
1076 2229 1165 2281 vel
1202 2228 1339 2281 οὐδέ
1369 2225 1575 2297 ἑλήθει
1612 2225 1845 2296 (ΨβΞΒ)
1887 2227 1974 2280 vel
2008 2227 2181 2281 Simile
2215 2226 2344 2295 quid
2378 2226 2604 2293 saepius

372 2312 787 2381 deprehenditur
824 2315 930 2369 fine
961 2314 1273 2368 hexametri.

545 2399 609 2453 V.
646 2400 752 2456 564
789 2400 928 2460 θοὰς
967 2402 1064 2454 ἐπὶ
1099 2404 1233 2468 νῆας
1263 2400 1499 2470 Ἀχαιῶν
1534 2398 1672 2468 epici
1707 2398 1968 2454 sermonis
2003 2399 2252 2468 proprius
2287 2401 2396 2455 est:
2436 2402 2599 2466 Λ12,

377 2491 430 2536 Β
469 2487 560 2548 17,
598 2488 694 2549 18,
731 2493 784 2538 Ζ
814 2487 907 2550 52,
947 2493 1007 2540 Κ
1034 2487 1141 2543 450
1183 2487 1414 2555 θεωρίας.

550 2572 612 2625 V.
650 2573 779 2636 566,
845 2575 937 2643 qui
987 2573 1190 2628 duobus
1235 2573 1478 2629 versibus
1534 2589 1598 2626 ex
1634 2572 1906 2642 Odysseae
1962 2573 2075 2626 loeo
2128 2573 2317 2641 petitis
2357 2573 2601 2629 insertus

375 2659 485 2720 est,
528 2659 683 2727 ιοὐδὲ
719 2658 826 2734 γὰρ
867 2659 935 2713 ἂν
975 2659 1254 2731 φυλάκους
1290 2657 1489 2714 λάθοι’
1532 2660 1771 2715 conferas
1808 2676 1928 2713 oum
1966 2665 2002 2710 I
2012 2658 2115 2714 477
2158 2660 2375 2727 ςλαθών
2410 2658 2599 2731 φύλα-

378 2743 475 2802 κάς
509 2744 550 2797 τ’
595 2741 827 2819 chaeac?
891 2746 1175 2801 Notandus
1202 2750 1286 2801 est
1323 2747 1422 2801 hoo
1457 2747 1574 2800 loeo
1614 2746 2001 2815 metaplasmus
2041 2742 2384 2816 ‘mvidxovcl
2439 2746 2600 2801 Conf.

378 2845 513 2898 quae
549 2829 778 2886 diximus
812 2849 973 2902 supra
1013 2832 1083 2887 ad
1110 2839 1370 2906 χέρνιβον
1401 2851 1454 2902 p.
1488 2835 1575 2889 23.

551 2918 618 2970 V.
657 2919 761 2973 573
807 2921 923 2973 οὐκ
971 2921 1147 2986 οἶος,
1192 2920 1342 2993 ἅμα
1389 2927 1573 2989 τῷγε
1632 2916 1768 2972 δύω
1831 2917 2278 2990 θεράποντες
2326 2916 2600 2970 ἕποντο

378 3001 629 3059 similiter
663 3006 877 3074 saepius
913 3007 1137 3077 legitur:
1174 3013 1229 3059 B
1265 3007 1396 3071 822,
1433 3013 1468 3074 β
1506 3007 1590 3061 11.

557 3091 644 3158 (V.
682 3091 985 3147 574-577
1042 3093 1091 3147 is
1147 3093 1238 3162 qui
1290 3091 1561 3162 Odysseae
1628 3089 1789 3144 finem
1851 3090 2148 3159 composuit
2207 3090 2451 3144 imitatus
2512 3090 2604 3144 est

376 3190 426 3226 v.
467 3175 736 3244 78—79.)

556 3262 620 3319 V.
653 3264 757 3317 577
798 3270 944 3317 τοῖο
984 3268 1254 3339 γέροντος,
1291 3264 1349 3318 in
1374 3279 1475 3332 quo
1514 3261 1816 3318 offendebat
1843 3263 2154 3320 Ellendt.
2194 3281 2247 3331 p.
2268 3264 2352 3326 97,
2380 3261 2600 3331 saepius

379 3346 594 3401 finem
628 3351 778 3404 tenet
811 3350 1230 3404 hexametri:
1268 3356 1304 3402 I
1333 3350 1464 3413 469,
1501 3349 1714 3413 N620,
1754 3352 1808 3401 Ω
1846 3350 1974 3413 164,
2015 3350 2205 3414 (1410,
2244 3369 2287 3402 ω
2322 3349 2438 3406 387.
2485 3347 2596 3402 Si-

380 3433 569 3488 milis
609 3436 794 3490 ratio
836 3437 1017 3491 eadit
1052 3438 1118 3491 in
1154 3442 1303 3489 τοῖο
1346 3435 1649 3494 ἄνακτος
1681 3435 1841 3504 7388
1876 3437 1951 3490 et
1983 3441 2140 3490 τοῖο
2174 3441 2382 3487 θεοῖο
2407 3434 2598 3505 φ258.

557 3520 621 3574 V.
657 3521 762 3576 579
799 3523 1075 3597 ἀπερείσι’
1116 3520 1324 3576 ἄποινα
1365 3522 1580 3590 saepius
1614 3522 1859 3591 legimus.

556 3607 621 3662 V.
655 3606 761 3662 585
795 3608 874 3678 μὴ
910 3639 978 3646 -
1020 3608 1229 3677 Ἀχιλῆϊ
1267 3606 1328 3660 ‹5'
1372 3605 1626 3682 ὀρινθείη
1665 3610 1837 3678 φίλον
1874 3605 2006 3679 ἦτορ
2042 3622 2318 3661 monemur
2353 3607 2600 3675 paullum

382 3691 448 3746 de
483 3712 514 3761 ρ
538 3692 639 3757 47,
680 3693 773 3747 ubi
808 3694 940 3748 dicit
963 3694 1308 3750 Telemachus
1348 3694 1417 3748 ad
1450 3695 1679 3748 matrem
1713 3694 1864 3763 μηδέ
1892 3713 1994 3763 μοι
2029 3689 2160 3768 ἦτορ
2197 3694 2254 3747 ἐν
2290 3689 2600 3760 στήθεσσιν

383 3775 580 3848 ὄρινεν.
651 3778 859 3833 Ibidem
891 3781 958 3849 (v.
996 3781 1084 3850 62)
1120 3782 1303 3836 extant
1336 3797 1387 3835 v.
1425 3781 1530 3836 573
1566 3779 1843 3834 simillima
1876 3781 2054 3834 verba.

558 3865 621 3920 V.
659 3866 762 3919 586
796 3864 932 3925 Διὸς
967 3867 1004 3919 ὃ
1014 3865 1028 3883 ²
1073 3863 1320 3933 ἀλίτηται
1357 3863 1596 3938 ἐφετμάς
1631 3866 1695 3921 cf.
1732 3883 1780 3923 v,
1815 3866 1939 3922 570.
2019 3930 2022 3933 ,

555 3951 621 4004 V.
659 3951 762 4008 592
798 3982 864 3991 —
907 3954 1347 4025 σκυδμαινέμεν,
1385 3959 1448 4006 αἴ
1480 3972 1539 4006 κε
1577 3950 1847 4020 πύθηαι
1882 3952 1947 4010 ef.
1983 3973 2028 4024 φ
2062 3952 2167 4008 293
2202 3979 2268 3990 —
2305 3949 2601 4018 ὑποθησό-

384 4037 543 4109 μεθ’,
583 4043 647 4091 αἴ
678 4057 735 4091 κε
777 4044 1059 4105 πίθηαι.
1129 4039 1265 4095 Vide
1301 4039 1608 4096 Ellendt.
1647 4057 1698 4110 p.
1725 4040 1808 4095 51.

557 4124 620 4180 V.
657 4124 761 4179 597
804 4123 950 4187 ἕζετο
992 4123 1051 4178 δ’
1091 4126 1151 4180 ἓν
1185 4128 1406 4197 κλισμῶ
1444 4127 1481 4180 ὃ
1521 4126 1637 4182 136.
1711 4124 1847 4183 Coll.
1883 4142 1934 4182 v.
1971 4122 2090 4180 515.
