2975 4825
2465 271 2546 329 39

316 432 671 518 1101111131φ
715 439 830 498 88:
907 436 1186 497 κεῖται
1235 430 1318 496 ἐν
1370 427 1660 517 ἄλγεσι
1723 428 2029 517 &vatim
2095 436 2242 502 hinc
2284 438 2552 521 sumpsit

323 532 436 619 ςἐν
504 527 847 619 ἄλγεσι).

502 641 655 705 Loci
695 642 799 725 qui
830 642 1112 724 sequitur
1140 641 1380 707 multae
1410 642 1775 708 iterationes
1805 642 1968 707 tales
1990 660 2127 709 6336
2158 644 2449 711 videntur
2478 648 2552 712 ut

319 748 549 830 poetae
581 745 978 811 notissimum
1010 746 1326 829 Odysseae
1357 745 1602 825 locum,
1647 748 1754 830 qui
1782 747 2018 830 legitur
2061 748 2139 812 in
2182 750 2377 832 rhap
2394 770 2442 816 s.
2490 751 2547 831 δ,

323 850 407 914 ob
454 849 666 915 oculos
712 852 1034 916 versatum
1075 850 1267 917 fuisse
1318 850 1450 915 sine
1502 851 1689 917 dubio
1730 851 1921 917 liceat
1965 854 2358 918 contendere.
2427 853 2551 922 Sed

322 955 572 1038 primus
618 973 836 1020 versus
878 973 1064 1038 quem
1106 953 1250 1020 inde
1283 955 1549 1039 sumpsit
1590 957 1720 1021 iam
1766 958 1950 1022 antea
1989 956 2259 1042 legimus
2304 979 2364 1023 v.
2389 965 2550 1038 5073

319 1059 416 1124 ibi
444 1060 629 1124 ‘enim
665 1058 984 1137 Priamus,
1032 1061 1106 1124 ut
1152 1058 1378 1124 durum
1407 1059 1678 1125 Achillis
1725 1061 2005 1128 animum
2050 1062 2329 1145 mitiget,
2374 1063 2548 1146 prius

320 1165 405 1228 de
447 1162 644 1245 ipsius
687 1164 867 1246 patre
914 1163 1425 1242 commonefacit,
1474 1166 1662 1247 atque
1702 1165 1985 1230 oratione
2031 1165 2209 1231 finita
2254 1168 2387 1233 eius
2425 1168 2516 1232 ini

318 1267 487 1333 tium
529 1267 867 1352 respiciens
914 1266 1067 1333 dicit
1108 1270 1295 1351 poeta

408 1361 511 1447 ὣς
568 1364 815 1457 φάτο,
875 1372 981 1456 τῷ
1041 1366 1107 1435 δ’
1190 1365 1343 1457 ἄρα
1411 1369 1730 1457 πατρὸς
1789 1364 1919 1458 ὑφ’
1974 1370 2272 1459 ἵμερον
2335 1366 2548 1461 ὦρσε

2121 1474 2374 1560 γόοιο.

500 1576 683 1643 Certe
741 1579 893 1643 ferri
944 1581 1155 1662 potest
1212 1579 1498 1659 iteratio,
1482 1605 1498 1621 ·
1573 1578 1681 1645 sed
1726 1599 1932 1645 nonne
1986 1582 2191 1666 aptior
2240 1585 2338 1648 est
2379 1583 2548 1649 idem

317 1701 542 1748 versus
585 1683 653 1747 in
699 1682 1012 1766 Odyssea,
1087 1686 1296 1769 rhaps.
1343 1684 1383 1749 δ
1431 1692 1588 1764 113,
1662 1684 1773 1750 ubi
1828 1685 2155 1751 Menelaus
2217 1688 2353 1752 tota
2407 1707 2547 1754 ora—

316 1787 494 1851 tione
525 1786 588 1850 id
620 1806 816 1851 unum
846 1789 1118 1871 spectat,
1164 1790 1237 1852 ut
1267 1788 1549 1868 Ulixem,
1595 1789 1954 1854 Telemachi
1982 1793 2261 1872 patrem,
2311 1795 2543 1875 quanto

320 1909 540 1956 amore
588 1890 908 1975 amplexus
967 1892 1083 1970 sit,
1165 1893 1519 1977 significet?
1603 1894 1761 1959 Uter
1807 1894 2015 1976 106113,
2077 1915 2343 1980 quaeso,
2402 1897 2547 1964 imi-

314 1995 581 2061 tationis
625 1994 896 2078 vestigia
941 1995 1187 2063 videtur
1230 2016 1381 2078 prae
1429 2016 1496 2062 se
1538 1998 1746 2063 ferre?

496 2100 573 2163 In
632 2100 850 2165 eadem
917 2100 1234 2183 Odysseae
1294 2100 1631 2184 rhapsodia
1693 2102 1769 2167 de
1825 2103 2200 2169 Telemacho
2260 2106 2324 2169 61
2382 2104 2548 2169 Ρ131-

314 2204 555 2280 311610,
631 2204 740 2268 11101
802 2204 882 2269 ad
938 2205 1301 2271 Menelaum
1357 2206 1762 2289 perveniunt,
1823 2230 1879 2275 v.
1928 2215 2008 2272 49
2060 2227 2151 2291 sq.
2202 2208 2268 2272 hi
2330 2228 2548 2275 versus

319 2308 626 2391 leguntur
2469 2301 2474 2308 ’

414 2407 568 2488 τούς
609 2404 673 2475 δ’
741 2408 914 2476 ἐπεὶ
974 2402 1100 2477 οὖν
1156 2409 1403 2493 δμωαὶ
1465 2412 1741 2477 λοῦσαν
1799 2409 1929 2477 καὶ
1980 2417 2255 2500 χρῖσαν
2302 2412 2548 2502 ἐλαίῳ

418 2505 633 2601 ἀμφὶ
692 2509 817 2600 ἄρα
865 2512 1127 2596 χλαίνας
1189 2511 1382 2593 οἷίλας
1437 2510 1689 2600 βάλον
1750 2508 1892 2604 ἠδὲ
1944 2525 2301 2598 χιτῶνας.

322 2618 542 2684 Etiam
584 2621 741 2685 haec
786 2620 977 2687 verba
1019 2621 1204 2686 huius
1248 2621 1617 2705 rhapsodiae
1658 2624 1844 2706 poeta
1871 2623 1939 2687 in
1969 2643 2154 2689 suum
2180 2643 2367 2690 usum
2397 2643 2548 2690 con-

321 2723 520 2790 vertit
541 2775 557 2803 ,
618 2723 725 2789 ubi
773 2722 848 2788 de
893 2743 1148 2808 corpore
1191 2726 1485 2791 Hectoris
1529 2725 1800 2793 lavando
1844 2728 1909 2790 et
1952 2728 2273 2794 vestiendo
2319 2730 2549 2813 agitur,

322 2847 708 2913 quamquam
747 2827 883 2892 illic
925 2828 1000 2893 de
1049 2829 1238 2908 vivis,
1300 2830 1404 2894 hic
1457 2831 1534 2895 de
1580 2833 1829 2897 mortuo
1882 2830 2109 2916 agitur.
2201 2832 2324 2896 Sed
2367 2853 2548 2917 repe-

320 2932 469 2999 titio
513 2933 664 2997 16111
701 2934 928 3018 potest.
1018 2933 1296 2999 Mutavit
1341 2938 1553 3000 autem
1596 2938 1782 3019 poeta
1820 2954 1980 3018 quae
2013 2937 2318 3002 mutanda
2347 2940 2544 3003 erant.

320 3037 500 3107 Dicit
541 3037 707 3102 enim
748 3057 806 3102 v.
858 3042 1229 3102 587—-588

410 3134 522 3205 τὸν
613 3130 680 3203 δ>
770 3136 960 3203 ἐπεὶ
1047 3131 1181 3204 οὖν
1264 3138 1543 3222 δμωαὶ
1624 3141 1937 3206 λοῦσαν
2012 3140 2151 3206 καὶ
2245 3146 2545 3228 χρῖσαν

2084 3241 2371 3333 ἐλαίῳ,

412 3343 625 3432 α’μφὶ
693 3343 767 3410 δέ
829 3370 941 3428 μιν
998 3347 1206 3433 φᾶρος
1267 3343 1460 3414 καλὸν
1525 3342 1788 3431 βάλον
1857 3340 2000 3437 ἠδὲ
2064 3353 2385 3431 χιτῶνα.

500 3451 576 3515 V.
627 3457 745 3513 601
793 3470 881 3535 sq.
932 3450 1217 3517 Achilles
1236 3501 1251 3530 ,
1307 3455 1380 3518 ut
1415 3453 1740 3519 Priamum
1797 3453 1877 3519 ad
1921 3454 2130 3522 cibum
2173 3457 2545 3523 sumendum

316 3557 602 3634 moveat,
661 3557 880 3621 narrat
923 3555 999 3620 de
1044 3556 1253 3622 Nioba
1294 3556 1475 3623 illam
1520 3557 1814 3636 fabulam,

409 3661 660 3745 τῇπερ
718 3650 1032 3722 δώδεκα
1092 3659 1400 3737 παῖδες
1455 3657 1579 3725 ἐνὶ
1621 3654 2126 3747 μεγάροισιν
2167 3657 2413 3742 ὄλοντο,

410 3753 499 3839 ἓξ
552 3758 701 3844 μὲν
759 3760 1255 3849 θυγατέρες,
1315 3757 1409 3843 ἓξ
1464 3755 1536 3828 δ’
1589 3759 1815 3842 υἱέες
1873 3759 2295 3852 ἡβώοντες.

320 3864 612 3931 Annotat
653 3866 759 3931 1116
817 3867 1021 3932 schol:
1094 3861 1220 3958 ιὅτι
1282 3861 1346 3931 οἳ
1403 3862 1703 3953 νεώτεροι
1756 3868 2155 3955 διαφωνοῦσι
2210 3868 2366 3956 περὶ
2426 3878 2544 3936 τοῦ

319 3967 621 4053 ἀριθμοῦ
663 3969 795 4035 τῶν,
832 3961 1082 4057 Νιόβης
1125 3965 1413 4034 παίδων·
1477 3966 1540 4035 οἳ
1584 3969 1703 4054 μὲν
1763 3970 1883 4058 γὰρ
1928 3968 2432 4059 δεκατέσσαρας,
2483 3970 2550 4041 οἱ

321 4068 398 4138 δὲ
457 4065 662 4136 εἴκοσι
714 4070 862 4150 τοὺς
919 4068 1240 4156 Νιοβίδας
1300 4064 1631 4159 λέγουσιν).
1744 4075 1926 4141 Cadit
1967 4078 2188 4143 eadem
2246 4079 2408 4144 ratio
2476 4080 2542 4145 in

318 4175 620 4244 Herculis
643 4176 924 4257 labores3
974 4178 1205 4244 etenim
1238 4198 1383 4245 eum
1411 4178 1739 4247 duodecim
1782 4180 2117 4267 perfecisse
2160 4200 2286 4247 non
2322 4183 2539 4249 statim
