2975 4825
2412 332 2492 391 35

444 491 857 557 Memorabile
919 493 1017 557 est
1072 511 1381 576 nusquam
1433 494 1501 558 in
1543 493 1738 559 Iliade
1805 494 1929 561 nisi
1969 496 2090 561 hoc
2134 497 2271 562 loco
2315 498 2493 565 inve-

263 595 395 659 niri
442 594 640 660 subst.
689 594 923 683 πρῆξις
981 598 1168 679 atque
1217 598 1408 663 etiam
1454 598 1522 662 in
1555 599 1775 682 Odyss.
1825 599 1976 664 alibi
2019 601 2187 666 idem
2228 621 2363 666 esse
2422 624 2496 669 ac

265 694 680 793 <negotiumffi
769 700 933 784 (Hoc
981 705 1430 767 commemorat
1473 703 1628 767 Fae
1647 704 1712 767 si
1751 723 2024 788 prooem.
2065 704 2180 770 Od.
2226 727 2286 790 p.
2332 706 2495 792 XV.)

271 803 516 869 Contra
557 803 744 887 plane
792 805 1010 871 eadem
1060 805 1514 890 significatione
1532 856 1548 885 ‚
1613 827 1735 890 qua
1792 808 1894 872 hie
1938 807 2227 875 iunctura
2270 810 2496 877 verbo-

263 928 415 973 rum
463 907 716 997 επρῆξις
756 900 1070 988 πέλεταί,
1112 909 1178 974 in
1207 909 1428 994 Odyss.
1478 909 1746 1004 επρῆξις
1775 905 2102 995 γίγνεται),
2144 913 2184 979 i.
2217 933 2269 977 e.
2317 933 2497 1008 cpro-

262 1003 534 1091 ficitur'‚
581 1015 918 1097 usurpatur
973 1013 1137 1080 infra
1181 1035 1239 1080 v.
1293 1020 1420 1079 550
1480 1014 1746 1080 verbum
1803 1012 2154 1102 πρήσσεινε
2231 1006 2305 1081 οὗ
2369 1006 2496 1102 γάρ

265 1140 335 1181 τι
397 1109 665 1203 πρήξεις
706 1111 1114 1203 ἀκαχήμενος.

449 1219 633 1286 Alter
677 1219 885 1299 locuS‚
928 1222 1034 1303 qui
1073 1224 1281 1305 potest
1325 1224 1541 1286 nostro
1585 1224 1806 1305 poetae
1835 1223 1903 1286 in
1933 1226 2211 1289 mentem
2248 1226 2495 1292 venisse

265 1324 508 1407 legitur
556 1323 597 1387 δ
644 1331 800 1401 103;
861 1324 1013 1390 dicit
1055 1326 1384 1391 Menelaus
1427 1326 1613 1391 malis
1659 1328 1788 1392 suis
1847 1327 2065 1392 relatis
2123 1327 2191 1392 in
2235 1329 2496 1394 eandem

269 1428 688 1493 sententiam:
734 1422 1014 1514 αἰψηρὸς
1057 1426 1128 1493 δὲ
1174 1422 1366 1512 κόρος
1415 1432 1803 1515 κρυεροῖο
1856 1423 2105 1513 γόοιο.
2511 1415 2518 1432 ¹

452 1531 525 1597 V.
571 1538 693 1597 525
759 1525 860 1609 ὣς
922 1529 1070 1620 γὰρ
1130 1525 1712 1599 ἐπεκλώσαντο
1766 1532 1958 1599 θεοὶ
2012 1534 2288 1600 δειλοῖσι
2338 1543 2494 1624 βρο-

1981 1650 1986 1655 ’
2113 1643 2325 1705 τοῖσιν

271 1740 452 1824 prius
497 1739 969 1806 hemistichium
1010 1740 1283 1824 legimus
1326 1741 1514 1805 initio
1562 1741 1680 1806 Od.
1727 1764 1769 1803 α
1815 1748 1893 1805 17
1941 1741 2014 1807 (16
2061 1742 2242 1809 Ulixe

449 1839 692 1930 τῷοὶ
751 1841 1327 1909 ἐπεκλώσαντο
1387 1842 1585 1909 θεοὶ
1646 1835 1920 1928 (οἶκόνδε
1964 1843 2279 1932 νέεσθαι),

275 1949 556 2015 alterum
601 1950 846 2032 saepius
889 1949 957 2014 in
999 1950 1379 2014 carminibus
1426 1948 1799 2014 Homericis.
1823 1951 1845 1987 ¹

454 2053 531 2131 V,
565 2058 693 2117 534
738 2072 868 2136 sqq.
911 2054 1162 2136 poetam
1206 2055 1411 2136 rhaps
1442 2058 1500 2116 Σ
1539 2054 1685 2117 ante
1734 2052 1946 2117 oculos
1988 2053 2282 2119 habuisse
2329 2060 2499 2122 certo

270 2157 485 2223 credo.
575 2159 919 2240 Postquam
962 2158 1129 2222 enim
1168 2156 1487 2221 Achillem
1531 2155 1890 2238 loquentem
1932 2156 2119 2222 fecit:
2173 2158 2294 2223 duo
2330 2159 2496 2226 dolia

269 2262 488 2348 posita
533 2280 665 2326 esse
726 2262 793 2324 in
832 2260 1003 2327 Iovis
1047 2259 1248 2326 limite
1294 2262 1567 2326 alterum
1625 2260 1930 2324 bonorum
1971 2259 2261 2343 plenum,
2340 2265 2499 2329 alte-

272 2385 422 2432 rum
479 2363 822 2442 malorum3
898 2384 969 2431 cx
1025 2365 1250 2449 quibus
1307 2365 1410 2437 cui
1470 2364 1622 2430 deus
1665 2363 2016 2446 promiscue
2075 2365 2280 2446 daret,
2357 2387 2501 2434 eum

270 2471 468 2536 modo
507 2471 692 2534 rebus
738 2469 1017 2536 adversis
1061 2470 1188 2549 uti,
1252 2469 1437 2535 modo
1509 2468 1829 2547 secundis,
1905 2468 2005 2533 6111
2046 2488 2193 2535 vero
2254 2472 2501 2537 nonnisi

270 2574 454 2640 mala
494 2574 803 2640 tribueret
821 2624 837 2654 ‚
878 2593 1020 2639 eum
1065 2576 1130 2640 et
1176 2574 1271 2639 dis
1315 2576 1380 2639 et
1407 2573 1766 2639 hominibus
1809 2572 2083 2638 invisum
2130 2575 2363 2659 agitari
2390 2596 2501 2660 per

271 2682 550 2757 terram,
594 2678 802 2761 pergit
842 2699 902 2744 v.
951 2684 1074 2743 536

371 2772 464 2856 ὥς
505 2777 624 2863 μὲν
669 2779 780 2845 καὶ
833 2780 1109 2868 Πηλῆϊ
1158 2779 1348 2846 θεοὶ
1408 2775 1657 2845 δόσαν
1725 2777 1987 2863 ἀγλαὰ
2046 2780 2259 2865 δῶρα

369 2881 462 2948 ἐκ
520 2887 890 2971 γενετῆς·
938 2882 1189 2961 πάντας
1231 2881 1351 2968 γὰρ
1398 2874 1504 2948 ἐπ’
1547 2874 1947 2968 ἀνθρώπους
1989 2879 2415 2949 ἐκέκαστο

376 2981 598 3072 ὄλβῳ
639 3011 728 3052 τε
779 2985 1105 3073 πλούτῳ
1150 3011 1262 3068 τε,
1309 2983 1551 3050 ἄνασσε
1592 2983 1665 3050 δὲ
1707 2980 2443 3070 Μυρμιδόνεσσιν,

374 3087 487 3153 καὶ
532 3085 594 3154 οἱ
650 3094 924 3177 θνητῷ
977 3087 1151 3156 ἐόντι
1196 3088 1363 3156 θεὰν
1422 3085 1791 3175 ποίησαν
1848 3084 2197 3156 ἄκοιτιν.

443 3309 505 3363 V.
533 3311 635 3366 527
669 3311 827 3366 initio
867 3313 1023 3366 δοιοὶ
1058 3309 1165 3386 γάρ
1202 3331 1259 3366 τε
1296 3316 1494 3377 πίθοι,
1532 3327 1652 3364 611111
1674 3309 1869 3363 Liese
1881 3325 2014 3377 gan
2025 3326 2077 3379 g.
2104 3310 2355 3378 opinatur
2380 3328 2506 3379 poe-

281 3402 382 3453 tae
401 3397 499 3453 Od.
523 3397 680 3452 illum
703 3399 878 3453 locum
894 3439 911 3468 ,
947 3399 1043 3453 ubi
1077 3401 1142 3452 de
1167 3398 1374 3454 duabus
1399 3398 1724 3452 somniorum
1760 3396 1933 3465 portis
1968 3396 2176 3465 agitur:
2211 3399 2364 3450 δοιαὶ
2400 3397 2508 3472 γάρ

286 3504 351 3540 τε
379 3482 555 3537 πύλαι
581 3485 871 3556 ἀμενηνῶν
901 3489 1045 3538 εἰσιν
1081 3485 1317 3560 ὀνείρων
1354 3485 1413 3539 111
1436 3488 1672 3539 mentem
1695 3483 1930 3547 venisse,
1966 3499 2065 3552 ego
2093 3483 2307 3555 quidem
2330 3484 2509 3538 nescio

287 3570 360 3624 ob
399 3570 677 3625 levitatem
713 3570 1084 3625 similitudinis
1120 3589 1249 3625 num
1282 3572 1396 3625 viro
1436 3571 1589 3626 docto
1631 3570 1909 3625 assentiar.

479 3788 531 3857 1)
566 3789 633 3844 In
671 3807 731 3845 eo
774 3791 917 3861 quod
950 3788 1328 3845 ἐπεκλώσαντο
1360 3789 1448 3844 1116
1480 3789 1755 3853 absolute,
1795 3787 1939 3857 quod
1972 3787 2151 3850 aiunt,
2202 3784 2405 3838 dictum
2441 3784 2515 3838 sit

293 3876 585 3935 offendisse
622 3880 804 3948 (atque
842 3877 943 3932 hoc
973 3876 1186 3947 quidem
1208 3878 1374 3945 recte)
1399 3876 1612 3931 videtur
1634 3874 1927 3929 Ellendt.
1953 3890 2007 3942 p.
2026 3873 2122 3928 22:
2168 3871 2257 3940 <In
2280 3872 2516 3924 ἐπικλῶ-

294 3982 398 4020 σαι
445 3964 556 4018 und
603 3961 1023 4018 ἕπικλώσασθναι
1069 3964 1204 4019 wird
1250 3963 1365 4016 sich
1412 3963 1614 4018 schwer
1664 3962 1751 4015 ein
1782 3953 2139 4015 Unterschied
2183 3957 2519 4011 nachweisen

292 4050 510 4115 lassen,
559 4066 713 4106 wenn
749 4067 806 4105 es
842 4069 885 4103 z.
910 4051 976 4104 B.
1024 4050 1196 4105 heisst
1230 4070 1268 4120 γ
1304 4049 1408 4105 208
1457 4049 1571 4102 ἀλλ’
1626 4047 1691 4100 οὔ
1737 4067 1838 4117 μοι
1889 4051 2152 4099 τοιοῦτον
2200 4043 2518 4096 ἐπέκλωσαν

294 4141 435 4191 θεοὶ
472 4136 651 4204 ὄλβον.
690 4138 726 4191 δ
760 4137 865 4192 208
909 4128 1010 4206 ᾧτε
1056 4141 1312 4210 Κρονίων
1363 4164 1428 4174 ——
1483 4132 1651 4200 ὄλβον
1695 4127 1998 4202 ἐπικλώσῃ,
2059 4129 2305 4195 dagegen
2339 4134 2383 4178 θ
2416 4127 2520 4180 579

291 4223 399 4277 τὸν
439 4222 499 4275 δὲ
535 4225 661 4275 θεοὶ
700 4224 805 4283 μὲν
842 4226 1061 4288 τεῦξαν,
1109 4218 1491 4275 ἐπεκλώσαντο
1530 4219 1588 4270 δ’
1632 4216 1873 4287 ὄλεθρον
1900 4215 2066 4282 (vgl.
2110 4216 2164 4264 ,Ω
2198 4209 2412 4277 5251).’
2452 4238 2522 4284 -Ι

703 4301 707 4304 .
2018 4300 2102 4362 3*
