2975 4825
375 287 455 345 12

546 456 703 524 Gum
748 477 895 525 vero
945 459 1216 524 alterum
1257 460 1723 526 hemistichium
1768 463 1888 525 hoc
1941 461 2080 527 loeo
2129 461 2421 529 adhibere
2466 485 2597 530 non

371 564 619 645 posset,
696 581 912 627 versus
975 562 1097 628 alio
1142 563 1327 627 modo
1387 565 1790 647 complendus
1850 566 2004 630 erat.
2091 565 2356 631 Addidit
2397 568 2597 651 igitur

370 668 558 749 poeta
600 666 870 731 alterum
912 666 1382 732 hemistichium
1424 662 1670 749 «ὁμῶς
1719 661 2009 745 νύκτας
2052 690 2132 732 τε
2168 668 2306 733 καὶ
2348 663 2591 757 ἧμαρξ

372 789 492 853 quo
551 770 800 834 omnino
864 769 1265 853 supersedere
1326 790 1692 854 possumus3
1762 773 2032 857 explieat
2081 774 2246 837 enim
2302 776 2592 841 hemisti-

372 873 584 939 chium
657 875 1092 939 tantummodo
1175 894 1395 940 vocem
1471 866 1674 940 201286'.
1717 889 1722 895 ·
1778 877 1874 940 Ae
1934 896 2012 941 ne
2076 880 2285 960 ipsum
2341 877 2597 960 quidem

369 976 527 1042 illud
574 997 648 1041 ex
689 976 884 1043 Iliade
931 978 1142 1062 petiit,
1206 979 1429 1063 quippe
1488 980 1556 1044 in
1602 999 1725 1062 qua
1773 979 2001 1063 ubique
2046 980 2414 1063 simpliciter
2448 983 2595 1047 tan·-

370 1081 509 1145 tum
550 1080 831 1146 invenias
892 1075 1118 1158 νύκτας
1170 1104 1242 1145 τε
1283 1079 1391 1146 καὶ
1447 1073 1617 1169 ἦμαρ
1662 1083 1747 1166 (Ε
1787 1090 1916 1147 490
1965 1087 2039 1145 Χ
2064 1083 2236 1171 432).
2258 1087 2283 1123 1
2357 1084 2596 1165 Quam—

370 1204 558 1268 quam
647 1178 875 1275 (omos-³
948 1187 1013 1250 in
1074 1185 1273 1251 Iliade
1345 1206 1590 1270 quoque
1663 1188 1958 1273 coniungi
2034 1208 2176 1253 oum
2238 1189 2595 1256 hominibus

368 1288 694 1372 particulis
738 1286 810 1351 τὲ
849 1328 930 1335 --
973 1286 1083 1352 καὶ
1119 1290 1250 1356 iam
1293 1292 1447 1356 satis
1497 1291 1801 1376 copulatis
1846 1312 1971 1357 non
2017 1312 2196 1376 neg0.
2221 1295 2246 1331 ²

545 1407 622 1473 V.
671 1415 748 1472 77
798 1400 902 1485 (ὃς
954 1403 1206 1494 ἔφατ’,
1270 1399 1475 1494 ὦρτο
1521 1407 1605 1473 δὲ
1640 1401 1823 1494 Ἰρις
1881 1402 2303 1488 ἀελλόπος
2344 1403 2596 1497 ἅγγε-

2107 1511 2418 1580 λέουσα

375 1636 544 1700 extat
587 1635 826 1699 duobus
870 1633 1089 1699 Hiadis
1131 1633 1288 1699 loeis
1336 1635 1394 1697 Θ
1437 1641 1563 1699 449
1614 1636 1677 1700 et
1723 1641 1888 1711 4693
1946 1654 2165 1700 versus
2203 1636 2361 1702 nihil
2403 1638 2599 1705 habet

376 1738 765 1816 offensionis,
823 1738 945 1803 nisi
1003 1739 1164 1803 forte
1211 1738 1313 1803 eui
1357 1758 1575 1804 versus
1615 1740 1735 1803 hoo
1778 1738 1915 1804 loeo
1973 1741 2159 1805 nimis
2214 1742 2383 1807 latus
2422 1742 2598 1807 vide-

371 1845 493 1908 tur.
583 1842 762 1907 Idem
807 1841 1138 1907 dicendum
1182 1844 1278 1908 est
1323 1842 1397 1907 de
1443 1862 1631 1907 versu
1684 1848 1805 1906 159
1856 1862 1929 1906 ex
1974 1843 2194 1909 eodem
2239 1844 2282 1908 1.
2323 1848 2547 1911 sumto.

549 1963 826 2046 Sequens
885 1983 1104 2029 versus
1157 1961 1569 2050 μεσσηγὺς
1635 1961 1722 2027 δὲ
1780 1960 2051 2044 Σάμου
2113 1988 2197 2028 τε
2254 1963 2390 2029 καὶ
2427 1960 2603 2048 Ἴμ-

1471 2072 1707 2155 ·βρου
1766 2066 2424 2155 παιπαλοέσσης

373 2188 621 2254 videtur
685 2187 937 2271 quidem
1017 2187 1095 2252 ad
1161 2187 1514 2273 exemplum
1577 2192 1645 2250 N
1686 2197 1766 2253 33
1836 2189 2043 2253 faetus
2125 2208 2289 2267 esse,
2363 2190 2603 2274 legitur

374 2295 587 2358 autem
641 2292 727 2356 ibi
781 2311 892 2376 pro
958 2288 1054 2355 «δὲ
1094 2281 1340 2372 Σάμου’
1421 2282 1787 2355 «Τενέδοιῶ
1861 2332 1941 2339 —
2020 2296 2087 2357 at
2148 2313 2271 2358 non
2335 2296 2433 2358 est
2490 2313 2603 2359 our

371 2396 622 2463 iteratio
669 2394 1176 2479 reprehendatur.

550 2515 625 2579 V.
671 2522 957 2580 80—-62
1019 2511 1057 2600 ἡ
1115 2513 1202 2580 δὲ
1262 2510 1785 2602 μολυβδαίνῃ
1854 2513 2088 2604 ἰκέλη
2146 2512 2227 2593 ἐς
2286 2514 2604 2599 βυσσὸν

1014 2614 1018 2618 Δ
2043 2616 2424 2706 ὄρουσεν,

465 2720 504 2810 ἤ
560 2747 643 2788 τε
690 2715 869 2788 κατ’
916 2714 1423 2810 ἆγραυλίοιο
1466 2722 1669 2806 βοὸς
1712 2723 1958 2808 κέρας
2014 2722 2491 2807 ἐμβεβαυῖα

467 2824 835 2914 ἔρχεται,
883 2822 1366 2914 ὠμηστῇσιν
1430 2820 1562 2892 ἐπ’
1609 2822 1905 2909 ἰχθύσι
1965 2831 2170 2915 κῆρα
2215 2826 2602 2915 φέρουσα.

379 2949 777 3032 Comparatio
825 2968 935 3012 eur
978 2947 1346 3014 adhibeatur
1392 2969 1518 3021 non
1565 2950 1719 3015 satis
1756 2949 1936 3015 video
1982 2968 2239 3028 causae,
2305 2949 2605 3032 quoniam

380 3073 479 3119 res
517 3074 628 3138 per
675 3073 741 3119 se
784 3053 922 3139 ipsa
964 3055 1292 3137 perspicua
1333 3074 1448 3119 nee
1497 3054 1883 3120 sublimitate
1924 3052 2190 3137 insignis
2223 3056 2350 3129 est3
2394 3053 2599 3136 primo

379 3159 632 3242 quidem
686 3158 751 3222 in
804 3157 965 3222 libro
1007 3178 1066 3222 v.
1118 3163 1241 3222 532
1310 3157 1385 3221 de
1431 3158 1698 3223 Thetide
1765 3161 1953 3242 poeta
2021 3157 2391 3242 simpliciter
2448 3157 2606 3222 dicit

380 3258 500 3351 εεἷς
542 3257 666 3325 ἅλα
710 3253 867 3324 ἆλτο
905 3255 1240 3342 βαθεῖαν’.
1330 3262 1427 3327 Ae
1467 3281 1547 3326 ne
1592 3263 1747 3326 satis
1793 3261 2044 3344 quidem
2092 3262 2235 3344 apte
2277 3278 2604 3344 eompara-

378 3367 468 3430 tio
513 3367 631 3430 hoe
674 3364 812 3430 loeo
862 3385 899 3429 a
929 3364 1131 3447 'poeta
1172 3364 1535 3430 introducta
1594 3384 1728 3430 esse
1784 3364 2069 3440 videtur;
2141 3365 2439 3428 nimirum
2480 3363 2605 3427 Iris

378 3469 509 3534 iam
554 3467 668 3532 sub
707 3467 909 3532 undas
955 3468 1286 3545 demersit,
1334 3487 1477 3532 eum
1525 3488 1599 3532 ea
1644 3468 1782 3552 ipsa
1826 3488 1925 3534 res
1973 3467 2381 3533 similitudine
2425 3466 2607 3530 audi-

381 3572 622 3638 toribus
681 3571 1052 3638 fflustratur.
1145 3571 1297 3651 Quis
1350 3574 1563 3637 autem
1614 3574 1712 3637 est
1776 3573 1876 3636 eui
1926 3591 2052 3636 non
2109 3569 2434 3655 praeclara
2490 3568 2608 3634 illa

521 3833 572 3902 1)
618 3830 768 3886 Conf.
811 3832 996 3885 contra
1029 3831 1088 3885 in
1125 3830 1223 3885 Od.
1259 3851 1291 3884 κ
1327 3832 1425 3895 28,
1463 3833 1561 3896 80,
1613 3853 1643 3884 ο
1679 3831 1808 3895 476,
1861 3851 1902 3883 ω
1940 3833 2009 3886 63
2059 3831 2118 3885 in
2156 3846 2312 3884 versu
2361 3831 2607 3904 ἐννῆμαρ

384 3919 633 3992 (ἑξῆμαρ)
672 3921 914 3987 πλέομεν
953 3917 1106 3987 ὁμῶς
1142 3915 1341 3976 νύκτας
1378 3937 1435 3971 τε
1472 3921 1568 3971 καὶ
1603 3916 1767 3990 ἦμαρ.

523 4021 578 4090 2)
614 4018 762 4090 ὁμῶς
794 4023 987 4073 ἳππων
1023 4037 1079 4072 τε
1114 4023 1207 4072 καὶ
1246 4020 1471 4092 ἀνδρῶν
1516 4024 1562 4074 Θ
1597 4021 1727 4084 214;
1781 4021 1946 4074 αὐτοί
1988 4038 2044 4073 τε
2097 4020 2249 4089 ὁμῶς
2298 4020 2392 4070 καὶ
2430 4020 2611 4068 ἵπποι

387 4111 448 4158 Λ
483 4106 614 4169 ‘7073
688 4103 1006 4173 simpliciter
1039 4104 1098 4158 in
1133 4110 1185 4156 B
1220 4106 1325 4160 466
1366 4104 1546 4159 αὐτῶν
1581 4123 1637 4158 τε
1676 4109 1769 4157 καὶ
1804 4108 2028 4168 fumum
2097 4103 2252 4173 ὁμῶς
2301 4098 2503 4161 αὐτούς
2553 4119 2612 4153 τε

392 4195 485 4244 καὶ
524 4196 734 4249 ἵππους
773 4196 828 4242 Φ
864 4190 933 4245 62
970 4192 1027 4245 et
1062 4191 1180 4246 521.
