2975 4825
2471 260 2550 318 11

318 425 566 512 legitur
627 425 817 494 etiam
858 427 937 488 A
983 432 1133 490 493.
1194 424 1477 509 Utroque
1532 424 1672 490 loco
1736 443 1860 490 non
1912 424 2108 494 habes
2152 443 2275 509 quo
2320 424 2556 490 referas

323 528 435 608 ξέκ
498 518 692 593 τοῖο’.
795 528 975 609 Quod
1033 528 1183 594 dicit
1235 531 1425 614 poeta
1485 521 1881 614 ιδυωδεκάτη
1939 518 2113 615 ἦώς’,
2195 530 2315 595 hoc
2379 529 2553 595 nullo

320 653 596 701 numero
645 635 743 698 est
788 632 890 716 (cf.
930 654 991 698 v.
1028 632 1214 717 413);
1268 635 1519 715 poterat
1572 632 1764 699 etiam
1808 652 1932 698 non
1975 633 2185 698 minus
2231 632 2554 700 commode

317 757 481 810 voce
549 726 838 822 ‘eandm'
897 736 1009 802 uti.
1101 736 1218 820 (cf.
1272 757 1328 801 v.
1374 737 1549 819 784.)
1633 737 1926 802 Fortasse
1988 737 2094 801 hie
2152 755 2371 803 versus
2427 737 2557 803 iam

323 841 714 909 veterrimae
761 840 970 925 opicae
1016 858 1276 926 poeseos
1319 840 1607 925 proprius
1653 840 1792 907 fuit.

506 944 585 1009 V.
635 952 714 1010 69
762 948 827 1011 et
874 951 956 1009 70

415 1044 511 1114 οὐ
574 1042 713 1135 γάρ
770 1043 914 1129 μοί
976 1070 1185 1112 ποτε
1233 1045 1508 1129 βωμὸς
1551 1041 1891 1112 ἐδεύετο
1935 1045 2224 1125 δαιτὸς
2268 1044 2512 1134 ἐΐσης

416 1148 716 1239 λοίβης
785 1175 870 1220 τε
940 1147 1229 1238 κνίσης
1303 1170 1418 1215 τε·
1494 1149 1592 1215 τὰ
1663 1148 1810 1235 γὰρ
1886 1143 2243 1233 λάχομεν
2313 1151 2559 1237 γέρας

2139 1277 2383 1341 ’mets

323 1362 552 1428 extant
596 1360 790 1426 etiam
832 1361 896 1421 A
943 1364 1024 1423 48
1044 1398 1123 1405 —-·
1141 1366 1224 1424 49
1244 1410 1261 1440 ‚
1311 1359 1420 1425 ubi
1455 1359 1625 1425 idern
1667 1360 1947 1443 Iuppiter
1988 1361 2147 1424 haec
2175 1358 2366 1430 verba
2406 1359 2561 1426 facit

326 1466 407 1530 de
457 1464 699 1529 cunctis
729 1464 1029 1528 Troianis.
1095 1463 1493 1546 Repetitione
1540 1465 1826 1547 quamvis
1855 1463 2143 1548 legitima
2181 1467 2316 1530 erat
2346 1467 2558 1531 tamen

325 1586 458 1632 non
506 1585 696 1650 opus;
759 1566 914 1631 satis
960 1567 1096 1631 erat
1141 1566 1347 1632 dicere
1412 1563 1587 1636 ,ἐπεὶ
1630 1561 1764 1630 οἰῗτι
1808 1562 2015 1653 φίλων
2066 1561 2386 1653 ἡμάρτανε
2431 1561 2560 1632 δώ-

327 1660 513 1756 ρων’.
569 1670 750 1734 Ferri
782 1665 1008 1735 *tamen
1050 1672 1277 1753 potest.
1312 1709 1392 1716 —
1437 1670 1676 1735 Eadem
1719 1669 1784 1735 in
1830 1671 2166 1753 rhapsodia
2215 1671 2290 1737 de
2311 1671 2560 1738 Venere

323 1773 628 1839 Paridem
683 1773 749 1837 in
809 1772 977 1838 omni
1034 1772 1311 1856 periculo
1376 1773 1745 1839 defendente
1808 1775 1996 1857 atque
2050 1776 2298 1841 tutante
2346 1795 2563 1842 versus

322 1878 569 1963 legitur

421 1969 557 2043 οῗεὶ
615 1976 1241 2063 παρμέμβλωκε
1300 1979 1435 2043 καὶ
1499 1970 1739 2043 αὐτοῦ
1798 1984 2047 2064 κῆρας
2106 1974 2439 2062 ἀμύνει,

332 2083 444 2169 qui
491 2083 742 2167 quidem
783 2083 847 2147 in
896 2084 1118 2166 quarto
1164 2082 1324 2148 libro
1371 2083 1576 2167 aptior
1614 2084 1712 2148 est
1743 2103 1930 2166 quam
1957 2084 2024 2147 in
2055 2086 2270 2149 nostra
2299 2085 2561 2168 rhapso-

329 2187 457 2251 dia.
549 2186 726 2266 Quod
769 2204 912 2252 cum
957 2185 1295 2251 scholiasta
1339 2186 1442 2251 vel
1482 2186 1538 2251 is
1585 2205 1770 2269 quem
1816 2185 1925 2250 ille
1981 2189 2233 2252 secutus
2281 2189 2378 2252 est
2414 2209 2561 2273 per-

331 2292 642 2376 spexerit,
698 2291 960 2356 adnotat
1003 2288 1272 2384 (ψευδὲς
1313 2284 1572 2356 votvm&
1644 2289 1766 2356 Sed
1811 2307 1961 2354 usus
2007 2289 2182 2354 verbi
2228 2289 2563 2380 (παρμέμ-

330 2385 611 2479 βλωκεν’
658 2396 754 2460 est
797 2393 1095 2479 tropicus.
1143 2430 1230 2440 —
1286 2394 1475 2459 Hunc
1521 2394 1719 2479 igitur
1762 2412 2013 2460 versum
2075 2414 2319 2479 quoque
2377 2395 2562 2463 huius

328 2500 487 2566 libri
527 2501 714 2583 poeta
755 2498 820 2562 in
864 2517 1048 2563 suum
1090 2517 1276 2563 usum
1320 2498 1668 2576 convertit3
1715 2498 1969 2581 scripsit
2008 2502 2221 2565 autern

1169 2592 1208 2686 ἦ
1264 2593 1408 2686 γάρ
1473 2594 1549 2665 οἱ
1603 2594 1767 2665 αἰεὶ
1801 2604 1825 2641 ¹

583 2696 838 2790 μήτηρ
897 2701 1523 2789 παρμέμβλωκε
1565 2742 1652 2752 -

520 2875 583 2928 V.
625 2875 693 2930 55
732 2876 980 2930 similiter
1020 2882 1070 2928 Γ
1099 2878 1233 2940 413,
1290 2884 1342 2929 Ζ
1373 2877 1505 2939 205,
1559 2883 1593 2927 Ι
1625 2877 1754 2941 538,
1816 2883 1871 2928 <12
1906 2877 2038 2941 479,
2104 2884 2161 2928 Ψ
2191 2877 2321 2940 482,
2361 2884 2405 2929 θ
2438 2878 2559 2941 227,

330 2978 368 3014 σ
405 2961 492 3018 25.

518 3047 580 3100 V.
619 3049 687 3104 60
723 3048 857 3103 Iuno
903 3047 1035 3103 dicit
1080 3064 1138 3103 se
1185 3046 1468 3103 Thetidem
1521 3047 1775 3103 educasse
1820 3048 1981 3117 inque
2035 3047 2433 3103 matrimonium
2472 3048 2563 3105 de-

331 3135 484 3189 disse
519 3133 679 3191 Peleo
1305 3133 1375 3202 ἣν
1412 3132 1523 3204 ἐγὼ
1562 3133 1699 3201 αὐτὴ

549 3226 779 3295 θρέψα
814 3239 884 3274 τε
920 3224 1037 3274 καὶ
1076 3221 1380 3286 ἀτίτηλα
1418 3223 1512 3275 καὶ
1550 3221 1714 3294 ἀνδρὶ
1748 3216 1928 3291 πόρον
1967 3216 2340 3294 παράκοιτιν;

333 3323 476 3377 quae
521 3322 608 3360 res
661 3308 822 3376 plane
868 3307 1058 3389 ignota
1103 3310 1188 3360 est
1221 3308 1469 3361 Homero.
1544 3306 1756 3376 Tethyn
1805 3307 1862 3360 et
1899 3305 2169 3361 Oceanum
2206 3323 2264 3363 se
2297 3307 2562 3376 recepisse

330 3394 461 3469 ipsa
501 3392 633 3446 Iuno
671 3393 953 3448 confitetur
990 3394 1039 3451 Ξ
1067 3394 1172 3448 202

483 3490 495 3499 ·
551 3483 609 3531 οἵ
641 3480 699 3549 μ’
741 3481 799 3533 ἐν
832 3485 1032 3551 σφοῖσι
1069 3475 1340 3550 δόμοισιν
1373 3476 1438 3531 ἐὺ·
1472 3482 1744 3550 τρέφον
1782 3475 1890 3544 ἠδ’
1940 3476 2353 3533 ἀτίταλλον.

517 3564 579 3616 V
618 3564 689 3618 64
722 3581 879 3619 serm.
914 3581 998 3633 ep.
1033 3579 1219 3633 propr:
1259 3570 1315 3619 A
1355 3565 1485 3629 511,
1525 3564 1654 3627 560,
1691 3565 1858 3629 A3o,
1897 3563 2105 3627 Ε888,
2144 3563 2355 3628 Ξ341,
2402 3564 2557 3627 Ῡ19,

340 3657 402 3704 Χ
438 3651 572 3713 182,
609 3671 644 3702 α
678 3652 769 3714 63,
809 3651 894 3719 (Η
923 3653 1053 3714 280,
1093 3651 1142 3708 Ξ
1177 3650 1309 3713 293,
1354 3653 1399 3703 Ο
1432 3651 1575 3717 220).

515 3736 578 3788 V.
616 3736 684 3793 75
737 3735 886 3808 ὄφρα
930 3741 990 3788 τί
1032 3739 1088 3788 οἱ
1137 3740 1278 3789 εἴπω
1332 3734 1569 3789 πυκινὸν
1616 3735 1749 3794 ἔπος
1789 3733 1910 3788 coll.
1941 3740 2006 3786 H
2046 3735 2151 3790 375
2197 3738 2291 3787 καὶ
2339 3735 2399 3789 δὲ
2443 3733 2559 3788 τόδ’

335 3826 631 3878 εἰπέμεναι
668 3821 904 3874 πυκινὸν
935 3822 1084 3881 ἔτος.

2477 3928 2558 3938 ..-

486 3984 537 4052 1)
574 3985 690 4038 Hoc
727 3986 843 4040 loco
879 3985 1144 4054 neglectio
1179 3987 1393 4058 litterae
1431 3990 1556 4038 Βαῦ
1605 3983 2086 4040 animadvertenda
2133 3986 2245 4050 est,
2292 3986 2440 4043 cuius
2476 3988 2559 4042 vis

334 4072 400 4129 in.
438 4071 749 4139 pronomine
801 4075 862 4125 οἵ
902 4075 1015 4128 tam
1052 4075 1207 4129 firma
1242 4072 1348 4127 fuit
1391 4073 1455 4125 ut
1488 4071 1577 4125 hic
1627 4072 1714 4126 vel
1749 4070 1906 4129 attici
1951 4072 2141 4139 poetae
2177 4072 2355 4140 epicos
2390 4073 2562 4127 secuti

335 4155 554 4211 hiatum
589 4157 918 4212 admiserint.
