2975 4825
2535 263 2569 319 7

345 436 487 519 ipse
532 437 722 519 poeta
764 435 838 500 de
881 453 956 500 eo
1002 437 1123 500 hoc
1165 452 1353 500 versu
1382 435 1585 500 utitur
1615 434 2021 519 oppositionis
2053 451 2273 506 causa3
2316 430 2374 498 is
2404 429 2574 494 enim

348 540 466 621 qui
509 540 610 604 tot
654 540 989 621 tantosque
1031 537 1277 603 labores
1322 539 1494 603 terra
1533 539 1814 620 marique
1862 536 2164 603 sustinuit
2179 585 2195 613 ‚
2240 554 2406 600 nunc
2438 551 2572 598 ser-

346 646 543 707 vatus
587 642 654 706 in
695 642 902 726 patria
931 641 1284 725 requiescit.
1374 641 1702 723 Nusquam
1746 641 1870 708 alio
1906 661 2094 708 sensu
2137 658 2354 706 versus
2396 636 2573 704 adhi-

345 746 577 822 betur3
624 745 734 810 sed
773 747 843 810 in
886 744 1134 812 Ulixem
1180 763 1370 829 quam
1413 745 1573 810 bene
1618 745 1802 812 cadat
1830 765 2015 811 nemo
2059 763 2184 812 non
2226 742 2572 827 intellegit:

804 859 952 927 ἐπεὶ
997 857 1170 940 οὔτις
1193 858 1468 942 Ἀχαιῶν
1509 857 1700 928 τόσσ>
1745 860 2072 949 ἐμόγησεν,

442 957 585 1032 ὅσσ)
629 959 927 1043 Ὀδυσεὺς
963 963 1235 1052 ἐμόγησε
1276 964 1384 1030 καὶ
1428 961 1630 1053 ἤρατο
1679 1003 1760 1015 --
1805 965 1874 1050 (δ
1916 973 2039 1031 106
2085 967 2204 1050 sq.)

346 1092 502 1175 Ipse
548 1088 704 1154 dicit
743 1091 800 1152 θ
846 1093 973 1153 155
1020 1085 1101 1153 ad
1144 1089 1463 1154 Phaeaces

441 1200 520 1286 ὃς
562 1208 717 1294 πρὶν
761 1206 878 1289 μὲν
921 1201 1096 1288 μάλα
1139 1202 1323 1273 πόλλ’
1370 1202 1635 1273 ἔπαθον
1695 1203 1800 1270 καὶ
1852 1199 2036 1271 πόλλ’
2086 1201 2404 1293 ἕμόγησα;

347 1334 420 1397 et
464 1330 759 1396 similiter
804 1329 883 1394 ad
928 1328 1194 1412 Calypso
1239 1351 1270 1392 ε
1317 1335 1443 1393 223

440 1428 564 1520 ἤδη
607 1431 725 1517 γὰρ
771 1426 947 1513 μάλα
990 1424 1177 1497 πόλλ’
1222 1428 1486 1498 ἔπαθον
1534 1430 1645 1495 καὶ
1692 1423 1878 1497 πόλλ’
1925 1425 2208 1517 ἐμόγησα

444 1530 754 1616 κύμασι
824 1533 961 1599 καὶ
1016 1532 1374 1619 πολέμῳ.

538 1656 971 1741 Intellegenda
1013 1657 1162 1721 sunt
1203 1655 1423 1738 procul
1473 1655 1659 1721 dubio
1701 1654 1981 1738 pericula
2024 1674 2182 1737 quae
2212 1655 2381 1721 Ulixi
2410 1657 2580 1720 terra

347 1764 418 1828 in
467 1780 689 1844 campo
719 1762 1130 1826 Troianorum
1146 1809 1161 1838 ,
1208 1761 1368 1825 mari
1396 1760 1461 1824 in
1495 1760 1702 1824 reditu
1733 1760 2055 1825 subeunda
2087 1762 2297 1824 erant:
2345 1758 2579 1828 etenim

347 1886 483 1931 non
528 1865 788 1930 Achivis
817 1866 1072 1931 Troiam
1112 1863 1504 1948 petentibus,
1555 1864 1664 1928 sed
1704 1862 2110 1929 redeuntibus
2141 1862 2328 1927 Troia
2358 1882 2581 1929 secun-

350 1971 513 2035 dum
556 1968 832 2034 carmina
875 1968 1213 2033 Homerica
1258 1968 1515 2033 maximi
1560 1968 1809 2033 labores
1856 1970 2035 2033 erant
2075 1966 2426 2050 superandi.

536 2073 771 2152 Quodsi
831 2092 1050 2138 versus
1104 2062 1352 2157 ἀνδρῶν
1403 2094 1474 2135 τε
1538 2067 1904 2152 πτολέμους
1949 2121 1963 2133 .
1998 2121 2055 2134 ..
2128 2071 2277 2136 alibi
2334 2090 2579 2155 semper

353 2179 434 2246 de
480 2177 662 2243 Ulixe
699 2179 999 2259 usurpato
1041 2177 1162 2240 hoc
1204 2177 1340 2241 loco
1392 2175 1468 2239 de
1509 2174 1760 2239 Achille
1806 2174 2165 2250 adhibetur,
2213 2176 2342 2240 utri
2379 2176 2581 2259 aptior

353 2283 444 2347 sit
488 2281 767 2365 profecto
814 2279 916 2345 vix
962 2279 1252 2362 cuiquam
1296 2278 1556 2344 dubium
1601 2278 1737 2345 erit.
1826 2278 2130 2343 Attamen
2174 2280 2390 2344 nostro
2422 2297 2579 2361 quo-

356 2405 482 2472 que
522 2385 661 2451 loco
707 2385 858 2450 ferri
901 2385 1142 2468 potest,
1189 2384 1482 2467 quoniam
1525 2384 1655 2448 iam
1699 2383 1765 2448 in
1809 2383 2187 2450 carminibus
2226 2382 2582 2449 Homericis

358 2490 652 2556 audimus
696 2488 770 2553 de
815 2488 1111 2572 periculis
1154 2490 1302 2553 ante
1346 2487 1412 2551 id
1449 2490 1700 2572 tempus
1747 2488 1822 2552 de
1872 2507 1993 2570 quo
2036 2489 2102 2553 in
2132 2488 2329 2554 Iliade
2369 2488 2580 2573 agitur

360 2593 604 2660 Achilli
665 2592 1018 2658 subeundis.
1119 2592 1346 2656 Moneo
1425 2591 1700 2674 primum
1774 2592 1851 2655 de
1913 2590 2051 2656 loco
2110 2611 2311 2658 nonae
2368 2592 2582 2657 Iliadis

361 2697 734 2781 rhapsodias
774 2717 834 2762 v.
885 2701 1009 2761 328

451 2795 699 2866 δώδεκα
739 2797 818 2885 δὴ
866 2797 980 2863 σὺν
1024 2799 1205 2885 νηυσὶ
1250 2793 1478 2875 πόλεις
1522 2792 1804 2876 ἀλάπαξ’
1848 2789 2236 2884 ἀνθρώπων,

452 2901 649 2982 πεζὸς
691 2898 748 2967 δ’
793 2896 1018 2968 ἕνδεκά
1066 2925 1234 2988 φημι
1281 2900 1446 2965 κατὰ
1500 2897 1737 2985 Τροίην
1782 2896 2121 2984 ἐρίβωλον,·

362 3029 496 3075 nec
539 3007 748 3073 minus
802 3008 927 3072 huc
979 3008 1268 3090 spectant
1327 3024 1402 3069 ea
1459 3015 1634 3086 quae'
1658 3003 1892 3068 Nestor
1936 3005 2313 3071 Telemacho
2369 3012 2587 3074 narrat

361 3115 432 3178 in
474 3132 512 3194 y
558 3118 682 3175 103

454 3206 508 3278 ὦ
544 3208 696 3299 φίλ’,
740 3206 893 3276 ἐπεί
936 3204 998 3291 μ’
1045 3204 1326 3296 ἔμνησας
1365 3202 1604 3288 ὀιζύος,
1652 3198 1727 3294 ἣν
1773 3205 1842 3273 ἐν
1887 3206 2112 3297 ἐκείνῳ

455 3315 635 3402 δήμῳ
682 3310 1026 3399 ἀνέτλημεν
1064 3309 1258 3393 μένος
1302 3307 1562 3392 ἄσχετοι
1609 3300 1743 3389 υἷες
1781 3303 2074 3395 Ἀχαιῶν,

456 3411 651 3506 η’μὲν
711 3414 864 3481 ὅσα
926 3412 1061 3494 ξὺν
1119 3412 1392 3500 νηυσὶν
1458 3410 1589 3478 ἐπ’
1650 3404 2097 3503 ἠεροειδέα
2158 3412 2469 3484 πόντον

458 3514 983 3602 πλαζόμενοι
1026 3516 1226 3581 κατὰ
1269 3512 1505 3604 ληίδ’,
1556 3514 1718 3605 ὅπῃ
1761 3513 2093 3599 ἄρξειεν
2136 3523 2585 3607 Αχιλλεύς,

458 3616 575 3712 ἠδ’
626 3620 776 3688 ὅσα
819 3619 959 3685 καὶ
1001 3619 1193 3704 περὶ
1238 3615 1442 3684 ἆστύ
1485 3618 1696 3704 μέγα
1741 3617 2176 3706 Πριάμοιο
2228 3621 2589 3706 ἄνακτος

457 3714 941 3812 μαρνάμεθ’.

547 3828 670 3895 Sed
708 3830 876 3893 recte
926 3825 1249 3893 admonuit
1280 3846 1381 3891 me
1419 3827 1821 3910 Bergkius
1864 3833 2078 3897 noster
2114 3835 2366 3916 poetam
2398 3837 2591 3904 etiam

375 3934 450 3998 de
510 3931 973 3998 narrationibus
1035 3930 1389 4012 aequalium
1406 3979 1422 4007 ‚
1484 3930 1750 4013 cyclicos
1811 3932 1946 3998 dico
1968 3984 1984 4012 ‚
2053 3937 2329 4020 cogitare
2388 3930 2589 4027 posse,

375 4037 483 4121 qui
525 4034 842 4100 Achillem
894 4035 1146 4099 Troiam
1189 4033 1619 4116 profecturum
1673 4033 1751 4098 ad
1797 4035 2060 4118 Scyrum
2101 4039 2374 4117 insulam
2421 4044 2589 4119 (2219-

375 4142 552 4204 ctum
594 4156 725 4203 esse
770 4136 1182 4203 tradiderunt.
