2975 4825
403 252 483 310 28

402 417 621 484 eadem
649 417 942 482 iunctura
975 434 1130 499 quae
1157 414 1259 480 hio
1292 413 1624 481 adhibetur
1653 434 1711 479 v.
1744 420 1867 479 376
1896 414 1969 479 de
1992 415 2305 480 Mercurio
2355 412 2635 498 ιδέμας

398 518 535 584 καὶ
577 511 803 595 εἶδος
847 512 1091 604 ἀγητό
1109 508 1170 594 ς’
1217 517 1292 582 de
1324 519 1720 584 Telemacho.
1779 516 2078 584 Similiter
2115 519 2385 603 legimus
2412 543 2452 600 χ
2484 528 2631 585 370

398 618 732 711 θηήσαντο
777 620 941 709 φυὴν
977 620 1085 686 καὶ
1132 614 1306 698 εἶδος
1349 614 1585 709 ἀγητὸν
1608 618 1939 707 (Έκτορος.

574 741 831 806 Duobus
861 739 1177 824 Odysseae
1221 740 1378 804 locis
1424 741 1508 824 (π
1539 747 1615 804 71
1636 777 1717 785 -
1740 747 1856 817 72,
1899 762 1951 826 φ
1986 746 2211 805 132-
2234 740 2382 825 133)
2426 742 2626 807 Τ616-

400 846 692 923 machuS‚
767 848 841 910 ut
902 862 1082 910 suam
1136 843 1412 910 declaret
1479 843 1915 910 infirmitatem
1975 844 2073 908 his
2131 845 2206 909 de
2280 864 2346 910 se
2411 846 2625 912 utitur

402 948 687 1014 versibus

488 1046 732 1127 αὐτὸς
789 1046 933 1132 μὲν
989 1048 1171 1127 νέος
1223 1046 1391 1133 εἰμὶ
1447 1048 1558 1115 καὶ
1605 1046 1790 1115 οὔπω
1825 1048 2007 1138 χερσὶ
2051 1050 2377 1133 πέποιθα,

490 1158 579 1238 (in
623 1178 702 1240 cp:
747 1146 820 1240 ἠὲ
858 1151 1158 1240 νεώτερός
1200 1151 1338 1236 εἶμι
1381 1151 1493 1219 καὶ
1538 1149 1727 1219 οὔπω
1765 1152 2287 1241 χερσὶπέποιθα)

489 1249 715 1344 ἄνδρ’
798 1248 1452 1340 ἀπαμύνασθαι,
1544 1255 1677 1322 ὅτε
1763 1282 1891 1336 τις
1981 1257 2384 1346 πρότερος
2467 1285 2622 1342 χα-

2118 1361 2440 1450 λεπήνῃ

576 1465 857 1545 Quorum
900 1483 1198 1531 versuum
1237 1465 1452 1532 habito
1495 1469 1785 1549 respectu
1828 1467 1881 1531 is
1930 1467 2034 1551 qui
2077 1468 2417 1533 extremam
2459 1466 2620 1533 Hia-

404 1569 498 1634 dis
544 1570 943 1656 rhapsodiam
985 1570 1336 1654 composuit
1377 1591 1436 1636 v.
1470 1577 1841 1636 368—369
1873 1571 2263 1637 Mercurium
2308 1571 2387 1638 ad
2430 1573 2617 1637 Pria-

399 1693 575 1738 mum
625 1673 715 1738 sio
754 1673 906 1739 iacit
948 1674 1312 1757 loquentem
1358 1709 1365 1714 ·

489 1784 652 1855 οὔτ’
700 1784 941 1867 αὐτὸς
985 1788 1164 1867 νέος
1204 1786 1416 1871 ἐσσὶ,
1464 1787 1664 1875 γέρων
1699 1788 1774 1855 δέ
1815 1813 1920 1855 τοι
1963 1779 2150 1869 οὗτος
2189 1783 2442 1879 ὀπηδεῖ,

489 1883 713 1979 ἄνδρ’
778 1884 1428 1977 ἀπαμύνασθαι,
1506 1891 1645 1961 ὅτε
1715 1917 1839 1972 τις
1902 1892 2314 1981 πρότερος
2378 1898 2618 1977 χαλε-

2204 1995 2439 2087 πήνῃ

400 2104 540 2168 Hoc
581 2102 718 2167 loco
763 2119 944 2166 nemo
992 2117 1118 2164 non
1162 2098 1468 2183 intelligit
1508 2098 1779 2167 alterum
1829 2120 2079 2167 versum
2120 2122 2246 2168 non
2292 2122 2329 2167 a
2375 2104 2616 2171 duobus

402 2206 702 2272 membris
769 2224 987 2271 versus
1052 2203 1479 2269 antecedentis
1542 2204 1847 2287 pendere,
1919 2206 2028 2270 sed
2084 2208 2516 2273 tantummodo
2576 2229 2617 2274 a

396 2310 634 2395 priore,
700 2309 1013 2394 posterius
1073 2309 1287 2373 autem
1356 2327 1491 2374 esse
1558 2328 1670 2392 pro
1732 2309 2222 2392 interpositione.
2334 2311 2615 2377 Imitatio

401 2418 621 2498 sponte
669 2416 928 2497 apparet
971 2432 1352 2495 quamquam
1398 2414 1559 2478 alter
1603 2433 1822 2479 versus
1870 2414 2061 2480 etiam
2100 2415 2167 2479 in
2205 2418 2298 2481 rh.
2338 2421 2399 2478 T
2438 2416 2614 2483 simi-

397 2519 547 2583 liter
589 2518 905 2587 invenitur
946 2537 1005 2581 v.
1056 2522 1179 2581 182

968 2614 1041 2684 οὗ
1083 2616 1200 2700 μὲν
1241 2613 1360 2705 γάρ
1404 2643 1471 2683 τι
1515 2618 1903 2708 νεμεσσητὸν
1943 2622 2224 2709 βασιλῆα

486 2714 652 2808 ι’)ἱνόρ>
701 2713 1243 2808 ἀπαρέσσασθαι,
1295 2719 1402 2788 ὅτε
1445 2746 1547 2800 τις
1588 2718 1907 2810 πρότερος
1940 2723 2283 2812 χαλεπήνῃ.

574 2826 649 2891 V.
697 2834 820 2892 378
867 2824 982 2891 τὸν
1026 2822 1091 2892 δ’
1140 2817 1289 2890 αὗτε
1334 2822 1697 2912 προσέειπε
1739 2820 2080 2914 διάκτορος
2113 2824 2571 2919 Ἀργειφόντης

489 2933 554 2995 et
595 2950 651 2994 v.
705 2938 784 2996 37
791 2939 835 3005 9Ι
891 2927 998 2995 ναὶ
1054 2927 1133 3016 δὴ
1176 2923 1381 2994 ταῦτά
1438 2952 1510 3014 γε
1553 2926 1802 3010 πάντα,
1866 2927 2081 3017 γέρον,
2158 2931 2325 2997 κατὰ
2380 2938 2613 3020 μοῖραν

2226 3031 2442 3115 ἔειπες

398 3137 503 3221 (Α
545 3146 702 3215 286,
752 3138 812 3200 Θ
858 3144 1020 3216 146,
1066 3140 1106 3199 Ι
1147 3142 1259 3216 59,
1306 3142 1373 3201 K
1422 3144 1579 3216 169,
1636 3140 1703 3200 Ψ
1746 3144 1907 3218 626,
1975 3138 2014 3202 ὁ
2061 3143 2212 3224 266)
2250 3143 2615 3210 iterationes

397 3243 544 3305 sunt
586 3241 770 3326 plane
813 3241 1154 3324 legitimae.

573 3344 784 3409 Etiam
823 3344 927 3427 qui
974 3342 1256 3426 sequitur
1301 3361 1521 3409 versus
1566 3350 1695 3408 380

487 3443 621 3511 ἀλλ’
662 3441 775 3530 ἆγε
817 3469 931 3529 μοι
970 3442 1118 3510 τόδε
1157 3441 1308 3510 εἰπὲ
1352 3443 1464 3509 καὶ
1508 3437 1825 3532 ἀτρεκέως
1864 3439 2208 3526 κατάλεξον

402 3551 559 3617 nihil
620 3552 811 3616 habet
866 3549 1240 3615 offensionis,
1328 3550 1521 3616 Extat
1574 3551 1640 3615 in
1683 3550 1877 3615 Iliade
1938 3549 2326 3617 solummodo
2369 3556 2439 3615 K
2486 3562 2612 3620 384

576 3783 644 3839 V.
678 3784 784 3840 366
819 3782 962 3849 θοὴν
998 3782 1094 3836 διὰ
1132 3781 1301 3837 νύκτα
1336 3785 1614 3851 μέλαιναν
1651 3789 1711 3835 K
1727 3785 1860 3848 394,
1902 3784 2007 3838 468
2019 3805 2035 3849 ;
2072 3783 2217 3840 infra
2252 3801 2302 3838 v.
2329 3784 2434 3840 653
2468 3785 2616 3843 idem

398 3870 637 4009 legltuz.
677 3956 780 4011 371
827 3957 1014 4025 φίλῳ
1061 3956 1135 4009 δέ
1167 3969 1241 4008 σε
1279 3956 1508 4028 πατρὶ
1544 3952 1758 4007 ἐΐσκω
1801 3954 1869 4008 cf.
1907 3962 1950 4009 θ
1987 3956 2088 4012 159
2126 3951 2451 4026 δαήμονι
2489 3956 2615 4010 ἀν-

401 4042 515 4116 δρὶ
547 4040 781 4095 ἐΐσκω.

572 4127 640 4180 V.
677 4124 785 4180 372
820 4123 1081 4181 sermonis
1117 4124 1254 4194 epici
1290 4127 1374 4182 est
1407 4124 1669 4195 proprius.
