2975 4825
428 255 512 312 20

599 417 675 484 V.
726 424 850 482 212
897 435 1029 499 sqq.
1077 415 1233 481 dicit
1273 415 1538 483 Hecuba
1580 418 1694 480 τοῦ
1740 412 1865 500 ἐγώ
1906 411 2105 497 μέσον
2145 407 2326 503 ἧπαρ
2363 410 2583 498 ἔχοιμι

512 516 869 605 ἐσθέμεναι
907 520 1298 607 προσφῦσα·
1338 514 1511 586 τότ’
1557 513 1652 584 ἂν
1693 517 1886 585 τιτὰ
1931 514 2125 606 ἔργα
2168 516 2541 604 γένοιτο1

514 622 760 700 παιδὸς
806 619 963 706 ἐμοῦ
1021 659 1114 685 -.

603 729 744 794 Ηο0
788 728 926 794 1000
961 725 1135 793 codd.
1169 726 1462 792 exhibent
1507 719 1765 805 ἄντιτα,
1811 727 2003 810 (quod
2041 727 2202 791 Hes
2221 727 2391 810 ych.
2437 725 2655 810 expli-

432 834 535 897 cat
574 820 946 909 ἇντέκτιτα,
1003 820 1486 915 οἷντιμώρητα)ζ2
1570 829 1654 894 Et
1701 848 1848 895 sane
1889 831 2008 895 1100
2051 830 2428 897 vocabulum
2471 828 2655 915 legi-

419 936 523 1000 tur
561 959 597 1021 ρ
633 941 712 1000 51
731 982 747 1013 ‚
791 934 901 1000 ubi
948 933 1359 1000 Telemachus
1405 933 1487 999 ad
1532 935 1801 999 matrem
1846 933 1999 1000 dicit

516 1032 691 1120 εἷὶχεο
724 1039 897 1102 πᾶσι
940 1039 1164 1102 θεοῖσι
1207 1033 1557 1122 τεληέσσας
1596 1029 1964 1120 ἑκατόμβας

510 1136 741 1226 ῥέξειν,
790 1133 869 1205 αἵ
902 1138 975 1205 κέ
1013 1144 1193 1205 ποθι
1240 1137 1401 1216 Ζεὺς
1445 1134 1491 1203 ἷί
1501 1163 1535 1202 ν
1557 1160 1596 1202 τ
1615 1162 1750 1204 ιτα
1799 1134 1991 1225 ἔργα
2034 1136 2320 1227 τελέσσῃ,

425 1247 490 1310 et
530 1243 716 1328 plane
763 1243 1054 1309 similiter
1089 1242 1258 1309 idem
1304 1242 1457 1308 dicit
1501 1266 1544 1305 α
1583 1249 1705 1307 379
1756 1262 1891 1326 sqq.
1936 1246 2001 1309 et
2041 1246 2087 1325 β
2136 1249 2260 1306 144
2305 1263 2437 1326 sqq.

859 1343 983 1429 ἐγώ
1027 1342 1100 1410 δὲ
1145 1343 1345 1423 θεοὺς
1388 1337 1810 1428 ἐπιβώσομαι
1854 1340 1993 1410 αἰὲν
2037 1339 2280 1425 ἐόντας,

517 1442 596 1514 αἴ
630 1446 708 1513 κέ
749 1452 931 1513 ποθι
970 1446 1131 1526 Ζεὺς
1171 1449 1331 1535 δῷσι
1379 1443 1847 1513 παλίντιτα
1901 1444 2097 1535 ἔργα
2140 1445 2558 1532 γενέσθαι.

424 1551 548 1632 Qui
586 1552 710 1618 loci
755 1552 1039 1638 quamvis
1095 1552 1152 1618 ei
1203 1551 1313 1637 qui
1360 1553 1524 1618 hanc
1588 1553 1793 1635 rhapS.
1844 1552 1998 1618 fecit
2040 1553 2170 1618 sint
2212 1552 2527 1620 observati
2571 1557 2646 1618 et

422 1657 837 1739 compositum
905 1657 1073 1722 haud
1150 1655 1334 1721 dubie
1403 1659 1467 1722 et
1542 1657 1662 1720 1100
1732 1654 1871 1721 1000
1949 1656 2155 1738 apcius
2237 1655 2349 1735 sit,
2421 1658 2645 1723 tamen

418 1761 607 1842 poeta
645 1759 927 1846 simplice
969 1778 1123 1825 usus
1169 1778 1304 1825 0880
1351 1758 1696 1824 censendus
1740 1761 1853 1827 est.
1909 1759 2191 1824 Etenim
2239 1778 2396 1842 quae
2440 1760 2645 1827 verba

418 1861 488 1926 ll.
538 1881 627 1927 00.
673 1863 856 1945 quasi
893 1883 1005 1946 pro
1050 1862 1289 1948 protasi
1334 1863 1516 1941 sunt,
1572 1881 1647 1927 ea
1686 1862 1806 1925 hoc
1846 1861 1985 1926 1000
2015 1864 2163 1929 sunt
2202 1880 2315 1945 pro
2357 1862 2639 1945 apodosi.

416 1965 503 2031 Et
544 1966 1068 2049 quemadmodum
1110 1967 1175 2031 in
1219 1991 1262 2029 α
1307 1969 1372 2032 et
1412 1969 1458 2046 β
1499 1968 1687 2051 poeta
1729 1966 1939 2049 pergib
1984 1966 2051 2030 in
2094 1967 2528 2054 consecutione

509 2063 812 2155 νηποινοί
853 2092 960 2135 κεν
1001 2064 1236 2135 ἔπειτα
1272 2062 1486 2152 δόμων
1527 2064 1833 2134 ἔντοσθεν
1873 2063 2163 2151 ὄλοισθε,

419 2172 513 2238 ita
558 2173 749 2240 simili
795 2175 1112 2240 strucmra
1155 2173 1348 2239 etaiam
1386 2173 1508 2237 1100
1550 2172 1689 2238 1000
1737 2191 1892 2255 opus
1938 2174 2088 2239 est.³

592 2376 658 2430 V.
695 2375 800 2434 215
837 2375 1086 2432 similiter
1122 2374 1353 2445 saepius.

591 2461 657 2516 V.
696 2462 799 2517 217
837 2479 995 2518 serm.
1030 2479 1111 2532 ep.
1152 2479 1333 2533 propr.
1370 2464 1469 2517 est.

588 2546 654 2600 V.
690 2549 796 2603 219
827 2549 973 2619 (443)
1010 2549 1147 2603 οὐδέ
1167 2567 1241 2619 με
1264 2554 1478 2609 πείσεις
1503 2554 1559 2601 Α
1583 2547 1711 2613 132,
1745 2554 1800 2600 Ζ
1815 2549 1948 2613 360,
1985 2553 2048 2601 Λ
2071 2548 2200 2613 648,
2238 2552 2295 2602 Σ
2314 2548 2442 2613 126,
2469 2550 2499 2609 ξ
2509 2549 2633 2604 363.

417 2632 594 2704 (Licet
627 2632 1050 2690 animadvertere
1086 2650 1271 2689 versus
1306 2634 1492 2690 230-
1507 2636 1612 2690 231

697 2716 918 2775 δώὸεκα
957 2721 1006 2774 δ’
1046 2719 1324 2780 ἁπλοΐδας
1352 2723 1615 2789 χλαίνας,
1659 2717 1888 2778 τόσσους
1923 2720 1983 2773 δὲ
2017 2717 2281 2786 τάπητας,

692 2803 868 2860 τόσσα
907 2807 969 2859 δὲ
1006 2804 1193 2880 φάρεα
1228 2805 1396 2869 καλὰ,
1434 2804 1631 2864 τόσους
1664 2805 1814 2859 δ’ἒπὶ
1853 2811 2004 2859 τοῖσι
2033 2809 2273 2875 χιτῶνας

413 2907 537 2946 011111
571 2891 664 2962 qui
689 2893 981 2947 extremam
1005 2890 1276 2962 Odysseae
1311 2891 1657 2970 rliapsodiam
1691 2891 1989 2960 composuit
2023 2890 2081 2943 in
2117 2907 2271 2944 suum
2307 2905 2463 2945 usum
2502 2905 2630 2945 con-

411 2979 654 3034 vertisse.
695 2977 898 3033 Extant
934 2976 1014 3032 ibi
1047 2992 1098 3031 V.
1126 2978 1229 3034 276
1247 2977 1435 3048 sq.)-—
1471 2978 1539 3032 V.
1576 2977 1681 3033 234
1711 2978 1771 3030 ἐκ
1809 2978 1870 3032 δὲ
1906 2978 2081 3036 δέπας
2114 2977 2458 3050 περικαλλὲς,
2496 2976 2530 3029 ὅ
2571 2981 2635 3029 οἱ

419 3068 622 3138 Θρῆκες
658 3061 837 3136 πόρον
883 3060 1077 3136 ἄνδρες
1112 3064 1181 3118 cf.
1249 3069 1312 3117 A
1348 3063 1452 3118 632
1487 3062 1608 3135 πὰρ
1657 3063 1719 3117 δὲ
1770 3063 1953 3122 δέπας
1998 3062 2349 3136 περικαλλὲς,
2403 3059 2435 3113 ὅ
2472 3065 2628 3114 οἴκο-

412 3155 518 3203 θεν
551 3148 637 3219 ἦγ’
681 3150 712 3202 ὁ
751 3147 984 3225 γεραιός.

575 3236 643 3290 V.
663 3235 768 3290 235
805 3236 832 3288 ἒ
850 3238 1096 3301 ξεσίην
1131 3232 1421 3289 ἐλθόντι
1451 3251 1514 3289 ex
1535 3234 1681 3307 φ20.
1715 3233 1892 3291 Λ14Ο
1919 3234 2121 3304 legitur
2139 3233 2402 3303 ἀγγελίην
2422 3231 2627 3287 ἐλθεῖν.

588 3449 643 3519 1)
677 3447 767 3506 Sic
804 3449 968 3506 Bekk.
1007 3467 1070 3507 ex
1105 3451 1269 3507 schol.

585 3535 642 3605 2)
677 3537 969 3592 Descendit
1022 3540 1204 3594 autem
1256 3539 1326 3594 ab
1380 3538 1487 3593 ἄνοι’
1535 3540 1592 3594 et
1635 3536 1781 3599 τιτός
1833 3555 1927 3608 per
1974 3553 2248 3607 apocopen
2298 3537 2626 3608 minimeque

411 3636 648 3692 syncopa
686 3622 931 3679 adhibita
966 3640 1027 3678 ex
1066 3623 1351 3683 ἀντίτιτος.

585 3709 642 3777 3)
680 3708 937 3766 Conferas
974 3725 1109 3780 quae
1148 3709 1281 3766 dicit
1313 3708 1500 3765 Ulixes
1537 3729 1572 3777 η
1608 3711 1710 3766 331

689 3801 799 3849 Ζεῦ
830 3794 1009 3871 πάτερ
1028 3839 1042 3863 ,
1082 3795 1199 3850 αἴθ’
1238 3796 1343 3849 ὅσα
1378 3797 1502 3850 εἶπε
1538 3795 1906 3865 τελευτήσειεν
1941 3794 2160 3849 ἅπαντα

666 3881 968 3941 Ἀλκίνοος·
1005 3886 1109 3935 τοῦ
1145 3885 1255 3952 μέν
1292 3899 1387 3936 κεν
1420 3882 1515 3936 ἐπὶ
1556 3882 1820 3955 ζείδωρον
1856 3878 2105 3954 ἄρουραν

686 3965 958 4035 ἄσβεστον
995 3968 1148 4028 κλέος
1177 3972 1276 4034 εἴη.

405 4051 459 4109 Ν
462 4068 518 4107 00
565 4068 674 4107 non
719 4066 857 4121 quae
910 4051 1043 4108 dicit
1089 4052 1459 4123 Agamemnon
1512 4052 1570 4106 in
1622 4056 1676 4103 B
1721 4050 1823 4106 371
1876 4066 1993 4122 sqq.
2082 4048 2366 4107 Praecedit
2414 4048 2623 4114 votum,

404 4140 648 4207 sequitur
684 4137 977 4204 conclusio,
1017 4153 1155 4207 quae
1193 4138 1259 4194 fit
1292 4141 1403 4207 opt.
1440 4154 1486 4193 c.
1526 4135 1610 4192 ἰίν.
