2975 4825
613 437 1129 518 Andromachen*
1139 453 1249 517 ubi
1291 453 1744 518 lamentantem
1785 453 1941 519 facit
1982 454 2238 539 respicit
2267 460 2454 539 poeta
2486 458 2672 523 eius·
2805 431 2820 448 ⁸

440 557 583 622 dem
627 557 919 622 naeniam
978 576 1167 640 quam
1210 558 1275 621 in
1321 559 1527 639 rhapS.
1573 560 1647 618 X
1682 556 1953 640 legimus
1997 577 2053 625 v.
2099 566 2226 623 476
2274 580 2440 644 sqq.‚
2489 562 2672 644 quod

442 679 515 725 ex
563 660 847 726 versibus
893 659 1211 725 nonnullis
1258 659 1404 724 inde
1448 660 1664 758 petitis
1711 662 1864 726 satis
1912 662 2328 745 cognoscitur.
2419 664 2673 731 Versus

441 763 607 829 enim
654 769 777 829 725
823 766 889 829 et
933 783 1114 847 seqq:

507 859 721 953 Ἄνερ,
761 858 879 931 ἀπ’
925 863 1162 945 αἰῶνος
1205 863 1355 946 νέος
1395 862 1593 946 ὤλεο,
1637 865 1763 933 κὰδ
1806 864 1880 932 δέ
1923 892 2005 952 με
2043 867 2283 959 χήρην

525 966 894 1048 Λείπεις
948 967 1024 1036 ἒν
1075 965 1606 1058 μεγάροισιν·
1654 965 1857 1048 πάϊς
1903 962 2114 1037 δ’ἔτι
2158 971 2455 1062 νήπιος
2510 971 2673 1040 ocii—

2291 1103 2477 1161 τως,

527 1153 614 1226 ὃν
658 1159 1012 1244 τέκομεν
1060 1155 1152 1226 σύ
1199 1153 1265 1226 τ’
1314 1156 1468 1246 ἐγώ
1513 1184 1599 1226 τε
1639 1156 2187 1250 δυσάμμοροι,

443 1269 748 1349 quantum
792 1268 1189 1332 consentiant
1228 1287 1371 1332 cum
1410 1281 1597 1333 versu
1642 1275 1769 1331 483
1814 1270 1879 1333 et
1920 1287 2087 1351 seqq.
2131 1271 2222 1334 rh.
2268 1273 2344 1332 X

523 1374 626 1435 νῦν
667 1367 741 1434 δὲ
785 1367 861 1434 σύ
906 1367 1024 1451 μὲν
1050 1365 1282 1435 Ἀΐδαο
1326 1363 1566 1452 δόμους
1609 1366 1741 1435 ὑπὸ
1790 1368 2058 1437 κεύθεσι
2106 1369 2292 1460 γαίης

525 1469 737 1559 ἔρχεαι
754 1525 770 1554 ,
820 1464 1018 1560 αὐτὰρ
1064 1470 1178 1556 ἐμὲ
1225 1480 1505 1561 στυγερῷ
1550 1471 1646 1540 ἐνὶ
1691 1471 1939 1546 πένθεϊ
1975 1471 2097 1540 λεί
2116 1499 2217 1541 πε
2235 1502 2257 1542 ι
2276 1502 2310 1555 ς

524 1571 768 1666 χήρην
810 1574 886 1642 ἒν
924 1572 1271 1664 μεγάροι
1295 1598 1406 1642 σι·
1454 1576 1654 1656 πάϊς
1691 1570 1761 1644 δ’
1807 1573 1930 1644 ἔτι
1975 1572 2283 1668 νήπιος
2328 1578 2637 1664 αὕτως,

524 1674 611 1747 ὃν
655 1678 1005 1763 τέκομεν
1053 1675 1144 1747 σύ
1189 1672 1255 1745 τ’
1303 1675 1450 1765 ἐγώ
1495 1706 1580 1748 τε
1623 1676 2154 1772 δυσάμμοροι

441 1789 539 1852 est
577 1788 645 1851 in
690 1789 924 1870 aperto.
1015 1788 1188 1852 Inter
1218 1806 1291 1852 ea
1333 1806 1493 1869 quae
1523 1806 1692 1871 seqq.
1716 1787 1893 1855 nulla
1921 1789 2257 1855 intercedit
2293 1791 2672 1863 similitudo,

612 1890 966 1956 Secundum
1009 1891 1219 1956 locum
1275 1891 1610 1975 utrobique
1667 1892 1911 1958 obtinet
1956 1893 2257 1971 Hecuba3
2327 1914 2546 1960 verum
2593 1898 2670 1962 in

436 1995 590 2082 ipsis
645 1996 886 2060 naeniis
947 1996 1105 2060 nihil
1166 1995 1515 2078 conspirat,
1591 1997 1710 2061 nisi
1768 1998 1934 2080 quod
1990 1998 2305 2082 utrimque
2357 1999 2671 2082 leguntur

439 2100 781 2166 nonnullae
826 2100 1163 2166 verborum
1206 2099 1554 2167 iuncturae.
1643 2100 1905 2184 Legitur
1949 2101 2117 2166 enim
2162 2103 2228 2165 in
2273 2105 2349 2163 X
2385 2108 2508 2166 435

607 2315 671 2369 V.
700 2315 802 2369 727
839 2331 921 2384 sq.
959 2314 1092 2367 οὐδέ
1123 2332 1229 2386 μιν
1275 2319 1374 2368 οἴω
1423 2315 1562 2383 ἥβην
1612 2319 1833 2376 ἵξεσθαι
1871 2315 1934 2370 cf.
1972 2320 2034 2369 Λ
2057 2318 2162 2372 225
2215 2313 2388 2390 αὐτὰρ
2433 2316 2565 2368 ἐπεί
2607 2318 2658 2391 ῤ’

431 2399 562 2472 ἥβης
594 2402 869 2475 ἐρικυδέος
907 2405 1056 2454 ἵκετο
1098 2404 1300 2476 μέτρον
1335 2432 1417 2455 -.

605 2488 671 2541 V.
700 2488 803 2541 735
834 2484 1030 2559 χειρὸς
1064 2485 1203 2540 ἑλών
1239 2486 1302 2542 cf.
1342 2492 1405 2540 A
1428 2489 1565 2554 646,
1605 2489 1720 2544 778.

610 2576 676 2629 V.
704 2574 806 2628 737
1401 2575 1524 2628 ἐπεὶ
1567 2573 1722 2647 μάλα
1758 2577 1957 2628 πολλοὶ
1990 2574 2226 2645 Ἀχαιῶν

839 2656 1091 2731 Ἕκτορος
1125 2660 1183 2712 ἐν
1216 2658 1545 2732 παλάμῃσιν
1579 2659 1722 2721 ὀδὰξ
1753 2659 1877 2714 ἕλον
1914 2658 2165 2713 ἄσπετον
2203 2657 2371 2717 οὖδας

850 2744 916 2799 cf.
949 2751 1001 2798 T
1027 2746 1093 2801 61
1136 2751 1211 2814 τῷ
1248 2746 1293 2799 κ’
1323 2746 1389 2799 οὐ
1413 2745 1616 2800 τόσσοι
1633 2747 1843 2815 Ἀχαιοὶ
1879 2743 2019 2806 ὀδὰξ
2050 2745 2176 2798 ἕλον
2210 2742 2452 2798 ἄσπετον
2482 2742 2662 2804 οὖδας

431 2835 768 2904 Δυσμενέων
816 2828 925 2885 ὑπὸ
968 2836 1182 2905 χερσίν.
1265 2831 1349 2885 Cf.
1398 2831 1563 2887 etiam
1604 2837 1662 2885 X
1683 2832 1804 2888 269.
1871 2851 1915 2901 χ
1943 2834 2007 2888 17
2041 2830 2244 2900 legitur
2291 2836 2462 2899 γαῖαν
2511 2828 2665 2892 ὀδὰξ

433 2919 585 2983 ἕλον,
622 2924 685 2972 Λ
704 2918 805 2973 749
847 2915 988 2979 ὀδὰξ
1020 2916 1150 2972 ἕλον
1185 2918 1370 2979 οὖδας.

988 3088 1352 3360 Γαωθιιῒατί
1388 3104 1562 3175 igitur
1596 3104 1873 3172 populum,

930 3198 968 3256 3
1041 3192 1311 3258 parentes,

2170 3105 2200 3157 1

2171 3191 2199 3243 1

430 3322 449 3348 ³
569 3326 585 3354 r
1042 3275 1234 3345 ipsam.
2166 3278 2197 3330 1

445 3327 845 3417 Επιλογος.6
990 3380 1231 3650 {Neque
1268 3394 1411 3448 enim
1448 3409 1669 3449 manum
1704 3391 1915 3448 dedisse
1953 3394 2042 3457 Η.,
2169 3395 2200 3448 1

933 3488 970 3544 3
2170 3480 2201 3532 1

2175 3562 2202 3613 1

1046 3496 1217 3549 neque
1252 3480 1504 3535 ultimum
1546 3480 1650 3535 sibi
1688 3478 1884 3533 dixisse
1928 3477 2114 3548 ‘valess

1048 3566 1189 3636 quod
1227 3581 1438 3636 semper
1475 3567 1733 3620 memoria
1773 3565 1972 3618 teneat.

1007 3770 1087 3826 11.
1156 3769 1382 3827 Naeuia
1411 3766 1689 3823 Hecubae
1724 3783 1776 3821 v.
1813 3767 1916 3824 748
1953 3782 2101 3836 seqq.

911 3867 1198 3922 Hectorem
1211 3906 1225 3931 ,
1271 3866 1442 3934 ipsius
1478 3863 1716 3928 delicias,
1896 3866 1927 3919 1

507 3991 713 4089 Ἀρκή·
773 3998 817 4070 3
914 3952 1588 4094 difflatiffissiiiriim
1626 3952 1925 4089 ‘¹”⁰‘³⁰‘³’}

915 4056 1013 4180 fiee
1047 4140 1155 4180 non
1191 4126 1314 4192 post
1346 4077 1590 4177 mo'rtem.
