2975 4825
394 214 479 271 24

391 381 602 457 ποδος
646 383 712 447 et
739 418 827 428 —-
869 376 1083 445 πόδαο
1122 382 1232 464 (εω
1248 430 1266 461 ,
1313 382 1412 464 α),
1458 400 1559 465 ap.
1591 381 1737 447 Eur.
1777 370 2107 457 Ἐτέοκλος
2142 399 2255 464 pro
2303 419 2385 427 —-
2433 382 2624 467 κλῆς,

392 484 516 550 alia
556 485 625 550 id
661 504 877 569 genus.
926 521 1014 531 ——

564 604 795 671 Abitus
853 605 1091 671 Priami
1145 604 1250 669 hic
1327 605 1411 686 (v.
1467 605 1624 687 323)
1698 603 1915 671 eodem
1976 622 2164 670 versu
2232 603 2622 672 describitur

391 710 579 791 atque
622 708 689 772 in
731 708 827 773 rh.
874 731 910 772 0
959 716 1078 772 191
1130 706 1520 773 Telemachi:

478 806 559 876 ἐκ
603 806 931 877 δ’ἔλασε
971 808 1440 896 προθύροιο
1483 806 1624 873 καὶ
1673 802 2076 897 αἰθούσης
2123 804 2621 895 ἐριδούπου.1

390 914 653 1000 Legitur
694 915 888 980 etiam
915 914 1084 980 idem
1116 933 1332 980 versus
1376 914 1443 979 in
1473 914 1664 980 tertio
1695 913 2010 996 Odysseae
2040 914 2201 979 libro
2235 916 2445 999 (494),
2491 918 2618 983 sed

390 1019 480 1083 ibi
525 1019 603 1082 ab
650 1018 903 1101 optimis
947 1018 1214 1085 testibus
1261 1018 1590 1084 omittitur.
1676 1020 1914 1083 Tamen
1957 1019 2114 1084 mihi
2147 1018 2398 1102 quidem
2426 1020 2617 1087 nulla

394 1141 584 1187 causa
639 1125 847 1188 extare
908 1122 1160 1188 videtur
1232 1141 1340 1187 cur
1397 1122 1705 1188 eximatur
1721 1171 1736 1200 ‚
1813 1124 2107 1204 quoniam
2161 1122 2446 1207 legitima
2503 1127 2615 1191 est

389 1225 536 1291 talis
581 1226 888 1310 repetiti0.
931 1263 1020 1273 ——

562 1331 937 1412 Priusquam
995 1329 1075 1394 ad
1131 1328 1454 1411 sequentia
1512 1328 1742 1395 iterata
1794 1330 2230 1414 progredimur
2246 1380 2263 1410 ‚
2322 1331 2400 1395 de
2442 1350 2608 1396 non-

387 1431 580 1496 nullis
625 1451 784 1514 quae
827 1432 1014 1497 modo
1056 1432 1596 1516 praetermisimus
1640 1433 1819 1498 nobis
1868 1434 1986 1499 erit
2033 1433 2382 1500 dicendum.
2438 1434 2606 1499 Ver-

390 1554 496 1601 sus
539 1536 707 1601 enim
752 1542 877 1601 306
898 1542 1112 1601 -307

474 1633 738 1718 εὔχετ’
785 1633 1085 1702 ἔπειτα
1130 1636 1339 1715 στὰς
1377 1634 1607 1723 μέσῳ
1650 1634 1905 1723 ἕρκεϊ,
1963 1640 2196 1722 λεῖβε
2240 1635 2325 1704 δὲ
2366 1631 2607 1705 οἶνον

477 1732 834 1825 ούρανὸν
880 1737 1359 1822 εἰσανιδών,
1408 1740 1544 1807 καὶ
1591 1737 2220 1830 φωνήσας-ἔπος
2263 1738 2469 1829 ηἷίδα

388 1847 605 1911 extant
641 1845 832 1911 etiam
873 1848 951 1908 H
974 1853 1374 1925 230—231‚
1418 1847 1529 1911 ubi
1556 1845 1840 1911 Achilles
1871 1846 2196 1924 Patrocle,
2237 1846 2605 1931 priusquam

390 1950 663 2014 amicum
723 1950 791 2014 in
834 1950 1144 2032 proelium
1197 1949 1491 2028 dimittit,
1555 1949 1883 2015 victoriam
1932 1951 1996 2014 et
2040 1949 2312 2014 salutem
2369 1970 2409 2016 a
2450 1952 2601 2016 Iove

392 2053 701 2133 exposcit,
763 2052 949 2118 sicuti
991 2054 1110 2119 hoc
1156 2054 1295 2119 loco
1340 2054 1473 2136 ipse
1520 2053 1808 2118 Priamus
1852 2053 2130 2118 faustum
2175 2071 2358 2118 omen
2398 2053 2601 2119 felic-is

386 2155 625 2220 reditus
685 2155 804 2221 sibi
849 2159 1081 2222 exorat.
1168 2156 1462 2223 Alterum
1509 2156 1762 2239 quidem
1807 2156 2066 2222 secundi
2121 2175 2342 2221 versus
2395 2157 2596 2222 hemi-

389 2258 684 2325 stichium
733 2260 866 2324 sine
917 2261 1141 2326 idonea
1201 2280 1392 2326 causa
1449 2262 1768 2326 mutatum
1821 2262 1950 2337 est;
2015 2260 2250 2344 legitur
2310 2259 2476 2325 enim
2532 2260 2604 2325 in

383 2362 543 2428 libro
587 2365 759 2429 sexto
808 2363 1047 2430 decimo
1090 2359 1229 2428 Δία
1272 2355 1333 2429 δ’
1356 2358 1430 2430 ού
1472 2354 1697 2429 λάθετ’
1741 2359 2252 2449 τερπικέραυνον.

558 2467 802 2533 Deinde
865 2467 1154 2551 precibus
1206 2469 1398 2535 finitis
1419 2518 1436 2549 ‚
1505 2472 1578 2534 ut
1631 2470 1698 2533 in
1754 2469 1959 2552 priore
2012 2468 2175 2532 libro
2192 2516 2209 2547 ,
2275 2468 2362 2533 sic
2407 2466 2602 2533 etiam

384 2569 452 2633 in
493 2572 706 2635 nostro
754 2570 982 2637 dicitur
1027 2573 1112 2656 (v.
1157 2573 1311 2655 314)

473 2662 573 2749 (ὃς
616 2670 831 2758 φάτο
873 2665 1346 2756 εὐχόμενος,
1391 2679 1536 2739 τοῦ
1579 2664 1905 2740 δ’ἔκλυε
1932 2670 2287 2761 μητίετα
2327 2667 2554 2753 Ζεύς,

385 2775 492 2859 qui
528 2795 749 2842 versus
794 2780 905 2842 aut
958 2778 1160 2862 qualis
1199 2780 1302 2844 hic
1350 2781 1447 2845 est
1495 2779 1606 2844 aut
1643 2797 1755 2862 pro
1798 2779 2252 2845 sententiarum
2292 2778 2600 2844 varietate

384 2881 666 2947 mutatus
709 2882 1069 2966 saepissime
1112 2885 1469 2969 usurpatur.

558 2999 779 3086 Neque
822 3002 1013 3068 etiam
1057 3025 1116 3070 v.
1166 3009 1291 3069 308

469 3103 629 3165 Ζεῧ
671 3098 968 3190 πάτερ,
1011 3100 1355 3191 ’Ίδηθεν
1397 3101 1745 3187 μεδέων,
1792 3097 2160 3184 κύδιστε,
2219 3099 2601 3185 μέγιστε,-

385 3205 490 3289 qui
534 3206 849 3273 invenitur
901 3209 1092 3274 etiam
1135 3209 1203 3274 in
1246 3213 1327 3270 H
1364 3215 1489 3273 202
1510 3257 1526 3287 ‚
1590 3209 1784 3274 habet
1827 3206 2165 3293 quidquam
2209 3206 2602 3284 offensionis;

382 3308 611 3374 similia
652 3310 822 3375 haud
866 3331 1009 3378 raro
1054 3312 1498 3396 deprehendas.

557 3412 795 3479 Versus
840 3422 964 3480 315

469 3511 769 3581 αὐτίκα
811 3509 1182 3585 δἀἶετὸν
1242 3513 1408 3608 ἧκε,
1470 3512 2017 3584 τελειότατον
2062 3518 2480 3603 πετεηνῶν

384 3620 687 3703 repetitus
734 3623 832 3687 est
874 3641 948 3686 ex
1014 3624 1074 3687 Θ
1118 3631 1242 3690 247
1262 3673 1278 3702 ,
1337 3624 1445 3690 ubi
1488 3623 1798 3707 Iuppiter,
1858 3641 2003 3687 cum
2044 3619 2274 3686 Achivi
2314 3621 2381 3685 in
2424 3638 2600 3685 sum-

557 3836 612 3906 2)
650 3835 772 3891 Adi.
811 3833 1139 3907 ἐρίδουπος,
1182 3834 1324 3904 quod
1360 3834 1637 3905 epitheton
1675 3837 1761 3889 est
1799 3831 2091 3900 αἰθούσης,
2130 3846 2222 3885 cur
2245 3831 2459 3897 excepto
2495 3828 2601 3883 hoc

378 3920 497 3976 loco
538 3922 705 3976 semel
737 3923 951 3976 tantum
986 3920 1045 3974 in
1078 3921 1144 3975 11.
1191 3927 1243 3973 Y
1271 3922 1341 3978 50
1378 3919 1482 3990 (ἐπ’
1525 3917 1742 3974 ἀκτάων
1778 3917 2113 3993 ἐριδούπων)
2152 3914 2600 3986 deprehendatur,

388 4006 556 4062 octies
590 4008 650 4062 in
685 4007 782 4063 Od.
799 4047 815 4073 ‚
852 4008 1043 4076 sponte
1081 4011 1334 4078 apparet;
1379 4023 1569 4078 nempe
1606 4022 1872 4078 nusquam
1908 4006 2147 4076 porticus
2182 4015 2599 4060 commemoran-

382 4094 482 4150 dae
516 4092 646 4151 data
682 4095 800 4150 erat
835 4092 1057 4150 occasio·
