2975 4825
2406 299 2486 355 33

250 479 378 544 quo
428 460 577 525 loco
617 460 880 525 verbum
925 479 1167 545 quoque
1225 451 1566 555 (τείρεσθ’
1610 461 1842 545 legitur
1887 481 1946 527 v.
1983 469 2083 527 71.
2118 500 2198 507 -——
2262 464 2354 527 Ex
2401 457 2502 553 εοἳ

248 555 821 649 περιναιετάουσι3
865 566 1078 644 finxit,
1116 567 1212 630 .ut
1254 565 1781 632 Ellendb.'iam
1824 565 1982 631 vidit
2024 588 2081 650 p.
2118 574 2237 645 32,
2282 570 2496 633 noster

248 672 454 753 poeta
499 689 719 734 vocem
766 669 930 735 solit.
976 666 1400 756 περιναιέτης.
1799 657 1804 662 ’

440 773 522 836 V.
563 780 689 837 499
744 776 809 838 ef,
857 780 983 837 500

346 865 444 951 ὃς
493 873 579 939 δέ
622 899 758 959 μοι
805 868 988 952 οἶος
1030 873 1198 963 ἔην,
1247 870 1540 963 εἴρυτο
1583 874 1666 940 δὲ
1712 872 1921 942 ἄστυ
1979 876 2121 943 καὶ
2168 869 2490 962 αὐτοὺς,

334 976 465 1041 τὸν
513 978 589 1043 σὺ
635 974 863 1067 πρώην.
896 983 1153 1057 κτεῖνας
1193 971 1708 1064 ἀμυνόμενον
1750 978 1953 1065 περὶ
1999 979 2372 1071 πάτρης,

318 1076 611 1167 ’Έκτορα

253 1183 456 1249 huius
501 1185 647 1250 libri
690 1190 878 1269 poeta
921 1188 1077 1252 mihi
1110 1188 1361 1271 quidem
1405 1189 1998 1255 celeberrimos
2045 1190 2242 1255 duos
2289 1193 2494 1259 Ilia-

255 1288 395 1351 dis
460 1289 640 1354 loco
662 1311 691 1355 s
749 1294 893 1357 ante
959 1292 1171 1357 oculos
1232 1292 1527 1357 habuisse
1590 1291 1871 1372 videtur,
1929 1313 2123 1358 unum
2191 1296 2395 1379 rhaps.
2436 1305 2498 1360 Z

256 1411 319 1455 V.
375 1399 545 1472 403,
589 1394 698 1458 ubi
740 1414 968 1460 nomen
1009 1395 1419 1478 Astyanactis
1464 1395 1843 1478 explicatur:

351 1486 833 1583 (Ἀστύανακθ)
901 1490 1082 1575 οἶος
1139 1497 1282 1584 γὰρ
1338 1491 1629 1583 ἐρύετο
1685 1494 1942 1562 Ἴλιον
1992 1496 2340 1583 (Ἕκτωρ,

258 1599 394 1682 (hic
447 1622 597 1666 sane
640 1602 843 1667 multo
886 1602 1113 1667 melius
1157 1602 1538 1685 intelligitur
1581 1602 1740 1667 illud
1785 1594 1925 1678 οἶος
1986 1623 2172 1687 quam
2215 1606 2282 1668 in
2327 1606 2444 1687 Ω),
2469 1610 2493 1644 1

262 1742 346 1749 ᾖ
398 1705 673 1770 alterum
714 1706 920 1787 rhaps.
961 1708 1049 1767 M
1084 1727 1141 1770 v.
1184 1712 1342 1783 243,
1390 1705 1499 1769 ubi
1540 1705 1709 1770 idem
1750 1707 2019 1786 Hector,
2088 1706 2162 1771 de
2226 1727 2345 1790 quo
2390 1710 2532 1772 hic·

262 1827 479 1872 sermo
528 1812 655 1887 est,
702 1810 929 1874 affatur
972 1808 1531 1891 Polydamantem:

356 1900 458 1987 εἷς
500 1906 729 1989 οἰωνὸς
777 1907 1066 1997 ἄριστος,
1131 1906 1610 1992 ἀμύνεσθαι
1655 1908 1849 1996 περὶ
1892 1908 2230 1999 πάτρης.

262 2003 479 2080 Locus
529 2036 602 2080 ex
641 2018 728 2077 M
767 2016 1088 2098 aptissime
1136 2018 1358 2099 poetae
1394 2017 1498 2081 hic
1540 2017 1715 2081 venit
1758 2016 1823 2080 in
1869 2019 2165 2082 mentem.

444 2119 651 2184 Versu
700 2125 819 2183 501
871 2139 960 2202 sq.
1020 2123 1133 2182 τοῦ
1185 2122 1289 2182 νῦν
1348 2112 1541 2198 εἵνεχ’
1602 2110 1802 2182 ἱκάνω
1860 2123 2057 2206 νῆας
2109 2111 2491 2203 Ἀχαιῶν,

357 2206 834 2304 λυσόμενος
872 2220 1055 2305 παρὰ
1102 2225 1270 2301 σεῖο,
1317 2218 1498 2308 φέρω
1538 2211 1599 2285 6³
1659 2212 2087 2307 ἀπερείσι’
2131 2219 2445 2290 ἄποινα

265 2328 568 2404 monent,
614 2326 779 2391 sicut
821 2328 1028 2391 omnia
1073 2345 1229 2410 quae
1286 2326 1365 2390 ad
1407 2326 1703 2391 Hectoris
1761 2326 2257 2410 redemptionem
2298 2333 2497 2412 perti-

266 2433 459 2508 nent,
511 2431 585 2496 de
629 2432 832 2513 prima
874 2432 1118 2513 rhaps.‚
1174 2430 1282 2495 ubi
1329 2430 1596 2514 Chryses
1644 2431 1723 2495 ad
1773 2430 1942 2496 idem
1984 2433 2495 2516 aggrediturne-

269 2534 542 2614 gotium.
631 2535 880 2600 Dicitur
926 2535 1058 2599 illic
1097 2555 1155 2600 v.
1192 2541 1270 2597 12

453 2726 514 2778 V.
551 2726 657 2781 492
717 2724 828 2779 ἀπὸ
899 2732 1135 2799 Τροίηθε
1196 2723 1465 2798 μόλοντα.
1557 2725 1818 2780 Similiter
1868 2747 1889 2778 ι
1929 2727 1998 2780 38
2057 2726 2169 2781 ἀπὸ
2223 2734 2496 2800 Τροίηθεν

272 2806 432 2863 ἰόντι.
514 2811 740 2879 Legitur
789 2814 959 2866 sexies
1005 2812 1063 2865 in
1126 2812 1316 2881 Odyss.
1369 2818 1681 2884 Τροίηθεν,
1746 2829 2012 2881 nusquam
2066 2819 2327 2886 Τροίηθε.
2416 2816 2497 2874 Cf,

270 2893 570 2951 Ellendt.
608 2915 659 2966 p.
698 2900 783 2954 19.

452 2984 515 3037 V.
553 2984 658 3039 494
701 2991 870 3058 Τροίῃ
910 2986 970 3038 ἐν
1008 2987 1185 3058 εὐρείῃ
1217 2983 1374 3039 initio
1407 3000 1597 3037 Versus
1639 3004 1673 3035 α
1711 2984 1804 3046 62,
1848 2984 1885 3036 ὃ
1918 2983 2002 3037 99.

452 3068 515 3121 V.
549 3071 654 3126 498
700 3076 813 3124 τῶν
860 3072 966 3140 μὲν
1014 3073 1239 3124 πολλῶν
1291 3076 1502 3143 θοῦρος
1548 3069 1700 3140 Ἄρης
1748 3067 1854 3121 ὑπὸ
1904 3069 2141 3137 γούνατ’
2192 3068 2383 3125 ἔλυσεν
2429 3071 2496 3124 cf.

275 3158 326 3203 Ε
362 3155 495 3221 176,
539 3163 602 3208 Π
626 3156 729 3212 425
1425 3152 1566 3208 κακὰ
1605 3152 1788 3206 πολλὰ
1825 3154 2015 3228 ἕοργεν

496 3247 718 3312 Τρῶας,
755 3243 874 3294 ἐπεὶ
910 3245 1131 3296 πολλῶν
1165 3261 1223 3296 τε
1261 3245 1355 3295 καὶ
1392 3241 1607 3294 ἐσθλῶν
1641 3237 1871 3309 γούνατ’
1912 3241 2119 3303 ἔλυσεν,

277 3329 308 3386 ξ
348 3329 419 3382 69
1255 3327 1479 3400 ἀνδρῶν
1514 3323 1624 3378 ὑπὸ
1658 3325 1893 3395 γούνατ’
1935 3325 2137 3378 ἔλυσεν.

417 3413 481 3466 V.
516 3414 618 3468 503
654 3412 769 3465 ἀλλ’
808 3413 1054 3464 αἰδεῖο
1093 3412 1287 3478 θεοὺς,
1320 3413 1561 3482 Ἀχιλεῦ,
1614 3409 1835 3464 αὐτόν
1883 3409 1938 3462 τ’
1990 3412 2293 3478 ἐλέησον

279 3498 478 3553 similis
518 3501 602 3552 est
635 3498 812 3552 verbis
853 3497 1102 3551 Hectoris
1135 3499 1191 3550 in
1236 3505 1294 3550 X
1324 3499 1426 3553 123

491 3583 566 3655 μή
605 3603 706 3654 μιν
746 3583 852 3653 ἐγὼ
887 3585 994 3652 μὲν
1030 3587 1233 3655 ἵκωμαι
1271 3582 1398 3650 ἰών,
1438 3583 1468 3636 ὁ
1522 3584 1602 3636 δέ
1648 3580 1722 3653 μ’
1777 3580 1904 3635 οὐκ
1940 3580 2215 3650 ἐλεήσει

497 3671 674 3723 οὐδέ
714 3675 788 3722 τί
836 3670 901 3740 μ’
959 3671 1361 3723 αἰδέσεται.

460 3756 524 3809 V.
561 3757 664 3812 505
697 3756 923 3809 alterum
957 3755 1260 3812 hemistich.
1300 3757 1383 3810 est
1417 3772 1595 3825 propr.
1632 3771 1712 3823 ep.
1753 3769 1989 3824 poeseos,

2422 3873 2506 3884 ᾖ..

460 3937 513 4005 1)
555 3936 770 3991 Scholia
804 3937 892 3991 hic
928 3938 1196 4006 explicant
1237 3938 1352 3995 οἶος
1388 3937 1529 4008 πρὸς
1571 3937 1635 3990 τὸ
1692 3934 1897 3998 σώζειν.
1973 3935 2077 3989 Sed
2109 3936 2241 3990 haec
2278 3937 2506 4004 explica-

284 4021 394 4086 tio,
432 4038 593 4092 quam
627 4024 1071 4077 Duentzerus
1109 4038 1314 4092 quoque
1353 4023 1596 4092 sequitur
1632 4040 1683 4090 p.
1720 4025 1850 4086 409,
1891 4022 1963 4074 ‘in
1999 4022 2141 4076 hunc
2188 4024 2363 4076 locum
2398 4040 2506 4078 non

289 4110 423 4163 satis
475 4110 736 4178 quadrare
789 4110 1012 4165 videtur.
1083 4108 1412 4164 Vertendum
1476 4113 1560 4162 est
1611 4107 1794 4176 potius
1860 4123 1977 4160 cum
2037 4108 2281 4176 Lieseg
2297 4124 2329 4161 a
2346 4126 2380 4160 n
2395 4110 2506 4177 gio

291 4195 409 4265 ‘qui
444 4196 577 4250 mihi
613 4213 750 4251 unus
785 4198 1013 4251 maxime
1045 4195 1271 4250 dilectus
1311 4195 1468 4249 erat‘.

2030 4283 2067 4343 3
