2975 4825
2382 204 2461 263 23

313 359 355 453 ἦ
404 373 497 452 ῥα
553 366 661 432 καὶ
704 360 1210 456 ἀμφίπολον
1250 367 1483 457 ταμίην
1530 364 1750 456 ὤτρυν’
1796 368 1832 438 ὃ
1878 370 2187 457 γεραιὴ,1

306 468 550 555 χερσὶν
590 468 763 556 ὕδωρ
808 471 1198 553 ἐπιχεῦαι
1247 465 1594 560 ἀκήρατον
1627 478 1654 515 ²
1695 471 1734 562 ἡ
1777 474 1849 540 δὲ
1896 472 2184 562 παρέστη

308 570 711 658 χέρνιβον
757 571 1240 663 ἷιμφίπολος
1287 570 1639 661 πρόχοόν
1675 573 1924 660 θ’ἅμα
1963 577 2180 665 χερσὶν
2226 575 2460 658 ἔχουσα

312 670 812 762 νιψάμενος
861 729 874 741 .
905 728 920 742 .
954 728 1014 742 ..

410 798 672 864 Unius
715 818 1005 865 versus
1046 801 1295 866 verba
1329 799 1448 865 ita
1492 799 1853 866 adhibuit
1888 805 1973 868 ut
2015 805 2185 868 tres
2230 806 2464 888 quasi

228 920 543 967 vorsus
586 902 818 967 exiis
868 902 1263 969 formaret.

409 1018 700 1084 Maxime
746 1018 1006 1085 offendit
1047 1021 1168 1085 hoc
1212 1019 1350 1084 loco
1394 1038 1515 1085 vox
1562 1020 1844 1086 solitaria
1885 1017 2207 1107 χέρνιβον,
2270 1044 2461 1106 quare

228 1121 448 1185 critici
496 1122 907 1189 Alexandrini
966 1142 1218 1188 versum
1270 1129 1395 1187 304
1413 1172 1428 1201 ‚
1494 1124 1568 1188 ut
1622 1143 1696 1187 ex
1756 1124 2011 1191 scholiis
2067 1130 2461 1210 compertum

226 1225 584 1304 habemuS‚
631 1226 810 1291 obelo
856 1228 1189 1291 notarunt:
1261 1223 1393 1304 ,ὅτι
1436 1223 1620 1312 παρὰ
1659 1224 1735 1290 τὸ
1781 1223 2058 1312 συνηθὲς
2102 1217 2277 1313 αὐτῷ
2320 1226 2461 1314 χέρ-

230 1331 422 1407 νιβον
482 1327 563 1392 τὸ
628 1319 880 1412 ἀγγεῖον
946 1326 1021 1393 τὸ
1079 1321 1554 1409 ὑποδεχόμενον
1609 1327 1685 1395 τὸ
1745 1324 1951 1415 ὕδωρ,
2025 1325 2127 1408 ὥς
2191 1324 2463 1417 ἧμεῖς.’

231 1430 331 1495 Ac
376 1450 535 1496 vero
577 1431 810 1515 legitur
857 1432 1022 1514 apud
1066 1431 1374 1496 Andocid.
1416 1432 1526 1508 IV,
1587 1454 1646 1516 p.
1686 1440 1767 1497 33
1790 1483 1805 1510 ‚
1856 1441 1893 1498 3
1959 1430 2299 1523 (χερνίβοις
2351 1434 2460 1499 καὶ

192 1525 728 1628 ,θνματηρίοιςζ
807 1535 973 1599 unde
1052 1538 1307 1619 apparet
1393 1535 1624 1600 seriore
1700 1538 1904 1601 aetate
1970 1534 2261 1620 χέρνιβον
2328 1558 2463 1603 esse

235 1637 819 1720 aquaemanalem.⁸
922 1637 1042 1703 Sed
1104 1640 1234 1702 iam
1301 1638 1640 1703 scholiasta
1699 1638 2146 1705 animadvertit
2200 1641 2463 1706 eandem

231 1758 374 1803 rem
425 1739 598 1823 apud
643 1741 828 1806 Hom.
875 1741 1105 1823 ubique
1151 1741 1496 1824 significari
1535 1740 1838 1806 vocabulo
1885 1739 2075 1828 λέβης
2092 1792 2108 1819 ,
2170 1745 2463 1827 recteque

236 1841 422 1907 addit
489 1911 509 1937 <
528 1841 605 1906 τὸ
653 1839 726 1907 δὲ
775 1841 938 1907 κατὰ
987 1844 1114 1907 τῶν
1169 1849 1398 1929 χειρῶν
1444 1837 1778 1925 διδόμενον
1819 1841 1990 1929 ὕδωρ
2036 1836 2335 1928 χέρνιβα’
2380 1882 2464 1892 --

235 1945 468 2027 Neque
515 1945 687 2012 aliud
731 1966 866 2011 esse
898 1947 1148 2012 videtur
1177 1948 1296 2012 hoc
1338 1946 1477 2012 loco
1525 1966 1729 2012 accus.
1760 1945 2053 2031 χέρνιβον
2094 1967 2282 2032 quam
2313 1951 2463 2015 alibi

232 2043 505 2132 χέρνιβα
525 2098 539 2126 ,
599 2050 692 2114 ita
748 2049 821 2114 ut
870 2049 1054 2115 huius
1112 2049 1260 2113 libri
1315 2051 1502 2132 poeta
1551 2069 1735 2114 usum
1776 2051 2184 2115 Homericum
2226 2071 2461 2134 nequa·
2545 2090 2551 2097 ·

238 2168 439 2231 quam
484 2152 819 2217 transierit.
891 2153 1094 2216 Immo
1136 2148 1426 2236 χέρνιβον
1466 2154 1565 2217 est
1612 2150 2041 2218 deducendum
2093 2173 2133 2218 a
2176 2157 2461 2219 nomina-

238 2252 376 2318 tivo
409 2255 448 2292 '¹‘
458 2251 783 2339 χέρνιβος,
827 2255 1098 2338 accipias
1120 2256 1314 2339 igitur
1342 2253 1633 2341 χέρνιβον
1656 2248 1935 2341 πρόχοόν
1963 2279 2033 2320 τε
2063 2276 2254 2321 unam
2285 2258 2465 2340 quasi

237 2356 603 2435 notionem3
644 2376 867 2441 nempe
916 2377 1077 2442 aqua
1112 2358 1319 2425 inerat
1362 2358 1460 2423 illi
1491 2359 1654 2438 vasi,
1700 2360 1865 2425 unde
1895 2359 1961 2425 in
1989 2378 2213 2425 manus
2242 2361 2461 2427 lavan-

242 2457 355 2524 das
403 2461 915 2545 profundebatur.

421 2581 826 2664 Metaplasmi
885 2581 963 2645 ob
1022 2583 1209 2646 metri
1274 2581 1719 2648 necessitatem
1786 2582 2043 2648 admissi
2095 2583 2262 2648 haud
2321 2604 2460 2649 raro

245 2683 417 2763 apud
447 2683 795 2749 Homerum
826 2685 1111 2767 exempla
1153 2685 1588 2751 inveniuntur:
1632 2705 1744 2770 pro
1776 2678 1939 2772 ἆλκῇ
1979 2680 2134 2750 ἀλκί
2178 2687 2269 2769 (in
2313 2676 2464 2751 ἀλκὶ

244 2779 669 2870 πεποιθώς),
719 2806 831 2869 pro
880 2777 1071 2873 αὐλήν
1117 2780 1296 2852 αὖλιν
1338 2786 1688 2869 (ἐσιέμεναι
1728 2812 1768 2868 χ
1804 2790 1993 2872 470),
2038 2809 2151 2874 pro
2195 2779 2461 2876 α’στέρες

243 2879 454 2973 ἄστρα
494 2889 586 2972 (Θ
619 2890 800 2972 555),
851 2909 962 2972 pro
992 2888 1221 2954 Ἀΐδαο
1248 2885 1468 2966 Ἄϊδος
1514 2887 1696 2973 (εἴσω
1739 2899 1799 2954 Ζ
1822 2899 1947 2956 284
1994 2911 2159 2974 saep.
2180 2940 2197 2969 ‚
2244 2885 2460 2972 δόμον,

246 2983 340 3064 εἷς
360 2986 590 3066 Ἄϊδος
633 2997 703 3054 Ν
736 2993 924 3078 415);
978 2985 1284 3057 Ἄϊδόσδε
1328 2997 1409 3054 Η
1444 2999 1572 3058 330
1617 3012 1815 3076 saep.;
1859 3013 1972 3076 pro
2013 2988 2244 3078 ὑσμίνῃ
2284 2990 2463 3074 ὑμῖνι

246 3089 609 3173 (μάχεσθαι
652 3094 719 3158 Β
764 3102 923 3172 863,
1008 3096 1066 3158 Θ
1113 3096 1253 3178 56),
1326 3115 1439 3178 pro
1499 3088 1689 3181 ἰώκην
1733 3091 1898 3160 ἶῶκα
1957 3096 2060 3177 (Λ
2107 3096 2276 3178 610).
2369 3095 2461 3161 Cf.

251 3196 446 3262 etiam
475 3190 852 3283 Πάτροκλος
896 3201 961 3264 et
993 3236 1074 3244 -—
1121 3194 1337 3285 κλέης,
1381 3192 1771 3275 Μελάνθιος
1815 3202 1879 3265 et
1906 3236 1995 3246 ——
2035 3195 2223 3277 θεύς,
2272 3192 2458 3263 Οἰδί-

428 3437 481 3506 1)
514 3439 712 3492 Poetae
754 3438 854 3492 hoc
899 3439 1015 3493 loco
1060 3455 1272 3493 versum
1307 3436 1340 3505 ἦ
1378 3443 1449 3512 ῥα
1488 3445 1583 3493 καὶ
1626 3439 1978 3510 ἀμπεπαλὼν
2012 3442 2201 3512 προΐει
2237 3442 2459 3512 δολιχό-

251 3532 410 3574 σκιον
444 3523 604 3592 ἔγχος
640 3523 979 3579 obversatum
1001 3524 1197 3588 fuisse,
1236 3525 1294 3578 id
1330 3523 1473 3594 quod
1508 3525 1554 3578 I.
1579 3525 1639 3578 E.
1675 3525 1973 3583 Ellendt.
2016 3526 2183 3594 ‘drei
2218 3529 2459 3584 homer.

249 3602 342 3658 Ab
358 3607 426 3660 h?
465 3608 644 3676 Leipz.
677 3612 826 3666 1864.
869 3612 1172 3675 contendit,
1223 3611 1469 3680 equidem
1506 3627 1603 3679 pro
1640 3613 1784 3664 certo
1802 3611 2091 3666 -affirmare
2125 3629 2233 3667 non
2267 3616 2459 3670 ausim.

425 3711 481 3779 2)
515 3711 616 3779 Ap.
669 3713 827 3766 Hom.
879 3713 1011 3767 alibi
1063 3711 1292 3783 ἀγλαόν.
1390 3713 1499 3767 Sed
1542 3714 1610 3767 cf.
1670 3713 1894 3787 ἄκρητοι
1956 3718 2210 3769 σπονδαί
2250 3723 2305 3769 Β
2338 3720 2459 3784 341,

253 3796 305 3842 Δ
340 3794 488 3857 159,
524 3795 703 3849 ποτόν
735 3805 770 3864 β
805 3798 933 3861 341,
987 3796 1133 3868 γαλα
1171 3819 1191 3850 ι
1226 3799 1360 3862 297,
1418 3820 1472 3851 οι
1466 3809 1569 3858 ’νος
1606 3820 1647 3851 ω
1687 3801 1771 3892 73.
1844 3801 1934 3854 Sic
1971 3800 2274 3874 ἀκραιφνὴς
2314 3804 2459 3873 (Eur.

252 3874 366 3931 Alc.
409 3879 562 3950 1052)
601 3883 658 3934 et
695 3882 1002 3956 ἄκέραστος.

430 3981 485 4049 3)
523 3982 782 4037 Similiter
804 3983 1162 4051 Epicharmus
1201 3983 1307 4050 (ap.
1344 3983 1470 4037 Ath.
1491 3984 1594 4048 IX,
1631 3986 1737 4040 408
1756 3987 1823 4057 c.)
1860 3986 1993 4042 dicit
2014 4006 2145 4056 χει·
2162 3986 2229 4044 ό-
2241 4009 2290 4042 νι
2276 3998 2367 4058 ιβ-
2377 4011 2456 4058 ον,

262 4061 484 4132 Eupolis
521 4067 628 4135 (ap.
667 4067 797 4122 Ath.
835 4067 872 4120 1.
911 4070 979 4137 c.)
1016 4086 1180 4142 χειρ-
1192 4064 1259 4121 ό-
1273 4086 1325 4121 νι
1331 4088 1413 4121 π-
1428 4087 1560 4141 τρο·
1577 4086 1627 4125 ν.

2931 2642 2942 2723 rau-¹³9*-
2933 2526 2952 2631 ‘etz-p«
2935 2367 2948 2515 *nuruum-2
2939 2313 2948 2356 aa...
2941 2267 2946 2278 ψ
