2975 4825
2472 265 2550 322 13

316 438 721 524 comparatio
767 435 1083 519 Odysseae
1143 434 1350 517 thaps.
1393 458 1474 515 μ,
1550 454 1608 499 v.
1661 439 1781 498 251
1855 453 2021 517 seqq.
2048 435 2072 472 ¹
2137 432 2203 497 in
2277 433 2557 497 mentem

315 546 617 620 veniant,
668 560 825 625 quae
868 539 1014 605 huic
1043 539 1229 623 plane
1263 538 1484 604 similis
1517 540 1646 616 est,
1693 537 1939 603 etiamsi
1969 537 2188 615 verba,
2235 536 2290 601 si
2322 536 2557 601 disces-

319 652 483 714 seris
530 668 570 712 a
616 647 912 710 iunctura
971 640 1156 736 ίβοὸς
1198 640 1390 728 κέρας
1449 631 1869 727 ἀγραυλίοωζ
1928 642 2093 706 inter
2134 660 2201 706 se
2244 639 2557 706 differunt.

322 750 652 834 Suspicari
694 749 848 813 licet
891 748 1075 812 huius
1121 746 1268 811 libri
1308 747 1531 827 poetae
1576 745 1785 810 animo
1840 764 1981 811 eam
2027 744 2560 828 comparationem

324 856 738 922 obversatam
778 871 932 918 esse.
1021 853 1096 914 In
1140 850 1216 914 iis
1263 851 1476 915 autem
1520 868 1678 932 quae
1714 850 1848 932 ipse
1877 851 2245 932 persecutus
2277 849 2374 913 est
2404 867 2560 912 non-

322 960 511 1025 nulla
551 956 907 1033 offendunt;
955 957 1099 1020 ante
1141 955 1351 1019 omnia
1395 955 1561 1019 enim
1610 953 2232 1020 animadvertendum
2279 954 2376 1017 est
2412 951 2561 1017 sub-

328 1064 689 1129 stantivum
733 1054 849 1146 κήρ
883 1060 961 1124 ab
992 1059 1265 1123 Homero
1305 1078 1616 1141 nusquam
1646 1057 1721 1121 de
1752 1057 2106 1123 belluarum
2143 1060 2347 1122 morte
2376 1075 2562 1121 usur-

326 1168 505 1250 pari,
564 1165 676 1230 sed
723 1165 798 1228 de
843 1166 1047 1228 morte
1089 1164 1337 1227 tantum
1401 1162 1728 1226 hominum
1793 1161 1995 1243 (velut
2034 1162 2095 1221 R
2136 1167 2294 1238 352,
2362 1163 2419 1220 Γ
2460 1167 2563 1238 32,

332 1277 416 1336 Λ
449 1276 608 1346 584,
653 1271 898 1343 Σ117,
945 1268 1003 1328 Ρ
1042 1273 1199 1342 714,
1250 1277 1305 1349 ψ
1338 1272 1456 1343 ee,
1501 1265 2018 1347 ⁴12157‚‹5273‚
2066 1268 2121 1327 θ
2152 1262 2564 1344 513‚a1ias);

332 1375 677 1440 voluerunt
729 1372 924 1456 igitur
981 1372 1109 1435 iam
1171 1373 1458 1436 veterum
1519 1370 1807 1435 nonnulli
1865 1369 2135 1435 scribere
2186 1373 2401 1454 ,πῆμα
2447 1362 2566 1452 φέ-

335 1467 592 1565 ρουσα’,
669 1475 960 1560 quoniam
1003 1475 1345 1540 absurdum
1391 1475 1559 1539 esset
1595 1474 1787 1539 etiam
1845 1473 2121 1558 piscibus
2170 1462 2417 1559 .κῆρας’
2466 1491 2566 1536 as-

340 1583 612 1667 signare.
703 1578 909 1658 Quam
948 1579 1104 1643 bene
1148 1581 1212 1643 et
1256 1577 1552 1662 religiose
1598 1597 1723 1643 non
1765 1576 2043 1643 dixerim.
2070 1578 2096 1616 ²

518 1702 595 1767 V.
630 1708 712 1765 83
758 1719 926 1784 seqq.
970 1703 1191 1781 poetae
1238 1700 1371 1765 sine
1418 1699 1606 1765 dubio
1651 1699 1761 1764 ille
1798 1700 1975 1765 locus
2020 1700 2228 1784 rhaps.
2259 1701 2317 1760 Σ
2341 1699 2564 1765 obver-

344 1809 522 1871 satus
567 1808 665 1870 est
708 1805 816 1870 ubi
858 1804 1075 1870 Thetis
1123 1823 1266 1869 cum
1310 1804 1687 1870 Nereidibus
1734 1824 1806 1871 ex
1849 1804 2013 1870 mari
2058 1804 2327 1888 emergit
2370 1803 2570 1868 filium

347 1911 426 1975 ob
484 1911 756 1974 mortem
802 1908 1081 1972 Patrocli
1136 1908 1418 1991 graviter
1463 1908 1771 1973 afflictum
1824 1908 2242 1974 consolatura.
2333 1906 2570 1987 Quam-

348 2032 540 2094 quam
596 2030 759 2077 unus
819 2013 1068 2075 tantum
1130 2029 1350 2076 versus
1409 2010 1489 2076 ad
1536 2011 1797 2076 verbum
1849 2010 2203 2078 translatus
2247 2014 2369 2089 est,
2436 2013 2571 2075 tam

348 2116 589 2180 multae
634 2117 847 2180 tamen
895 2113 1440 2197 deprehenduntur
1497 2114 1939 2180 similitudines
1956 2165 1971 2195 ‚
2026 2118 2099 2181 ut
2156 2135 2230 2180 ea
2274 2134 2376 2180 res
2416 2115 2573 2178 mihi

352 2219 602 2303 quidem
648 2218 938 2284 videatur
982 2218 1348 2298 manifesta,
1398 2217 1774 2303 praesertim
1818 2238 1963 2285 cum
2002 2222 2192 2304 poeta
2220 2218 2385 2284 infra
2415 2236 2570 2301 quo-

355 2342 471 2405 que
516 2344 576 2387 v.
607 2328 731 2386 536
765 2342 898 2407 sqq.
945 2322 1249 2388 nonnulla
1294 2343 1366 2387 ex
1414 2321 1636 2388 eadem
1678 2321 2012 2406 rhapsodia
2051 2323 2116 2388 in
2162 2342 2347 2388 suurn
2389 2340 2576 2387 usum

357 2426 706 2492 contulerit.
809 2427 949 2492 Etsi
1003 2427 1236 2492 nullius
1293 2429 1389 2492 est
1445 2428 1753 2493 momenti
1811 2427 1976 2512 quod
2047 2450 2103 2495 v.
2158 2436 2239 2493 83
2310 2425 2575 2493 eandem

356 2531 705 2595 invenimus
761 2532 1117 2596 iuncturam
1172 2534 1358 2614 atque
1411 2532 1478 2595 in
1533 2535 1592 2592 Σ
1628 2539 1789 2596 402:
1866 2529 1955 2596 ἑνὶ
2019 2534 2189 2619 σπῆϊ
2243 2534 2577 2617 γλαφυρῷ,

360 2633 464 2698 sed
509 2634 749 2699 offendo
798 2634 960 2718 quod
1011 2656 1068 2699 v.
1103 2640 1184 2699 85
1230 2654 1395 2719 seqq.
1443 2635 1628 2721 plane
1686 2637 1916 2703 similia
1960 2638 2154 2704 verba
2200 2635 2576 2702 adhibentur

359 2738 430 2802 de
471 2738 723 2804 Achille
768 2741 954 2822 atque
1003 2738 1110 2803 ille
1149 2740 1282 2822 ipse
1326 2744 1592 2824 usurpat
1633 2741 1700 2807 in
1742 2742 1836 2809 rh.
1882 2741 2099 2808 XVIII
2142 2741 2215 2806 de
2261 2741 2575 2806 Patroclo.

358 2843 527 2909 Dicit
567 2842 851 2908 Achilles
905 2845 972 2907 in
1013 2845 1072 2904 Σ
1097 2851 1177 2908 98
1227 2864 1360 2928 sqq.
1418 2842 1499 2910 ad
1541 2849 1811 2911 matrem
1863 2852 2181 2914 maturam
2238 2847 2361 2929 ipsi
2406 2863 2577 2911 mor-

358 2948 486 3011 tem
531 2947 1009 3012 vaticinantem:

447 3053 684 3127 αὕτίκα
726 3060 1069 3150 τεθναίην,
1116 3060 1263 3126 ἐπεὶ
1308 3053 1421 3127 οὐκ
1466 3053 1565 3149 ἄρ’
1615 3058 1958 3145 ἔμελλον
2002 3060 2237 3152 ἑταίρῳ

443 3164 824 3253 κτεινομένῳ
872 3165 1224 3249 ἐπαμῦναι·
1295 3162 1330 3232 ὁ
1374 3165 1523 3250 μὲν
1564 3165 1775 3252 μάλα
1821 3166 2131 3257 τηλόθι
2172 3166 2493 3257 πάτρης

441 3266 759 3355 ἔφθιτ’,
809 3266 988 3352 ἐμεῖο
1039 3270 1113 3336 δὲ
1158 3272 1344 3359 δῆσεν
1399 3274 1464 3337 et
1509 3293 1668 3356 quae
1714 3294 1916 3358 seqq„
1980 3274 2164 3339 huius
2209 3274 2356 3339 libri
2394 3278 2581 3358 poeta

361 3394 420 3440 V.
467 3380 552 3438 84
598 3394 766 3460 seqq.
1654 3373 1693 3464 ἡ
1738 3370 1805 3442 δ’
1854 3375 1950 3443 ἐνὶ
1991 3375 2236 3463 μέσσῃς

448 3477 629 3542 κλαῖε
667 3473 867 3564 μόρον
914 3467 987 3543 οὗ
1034 3478 1276 3556 παιδὸς
1316 3474 1676 3564 ἀμύμονος,
1728 3478 1800 3559 ὅς
1844 3477 1904 3545 οἱ
1954 3476 2295 3565 ἔμελλεν

545 3734 599 3802 1)
718 3736 787 3796 ὠς
823 3738 879 3790 δ’
921 3737 994 3790 ὅτ’
1042 3739 1137 3790 ἐπὶ
1176 3737 1428 3813 προβόλῳ
1470 3737 1653 3796 ‹il-esic
1691 3736 1987 3812 περιμήκεϊ
2024 3737 2213 3813 ῥάβδῳ

714 3822 908 3891 ἰχθύσι
948 3830 1064 3881 τοῖς
1102 3824 1344 3893 ὀλίγοισι
1384 3823 1552 3877 δόλον
1588 3823 1725 3876 κατὰ
1768 3826 1959 3879 εἴδατα
1996 3824 2232 3894 βάλλων,

716 3908 768 3965 ἔς
801 3907 1008 3961 πόντον
1046 3909 1283 3983 προΐησι
1321 3908 1449 3977 βοὸς
1483 3913 1642 3982 κέρας
1680 3911 2031 3984 ἀγραυλίοιο,

717 3993 1063 4067 ἀσπαίροντα
1101 3995 1149 4047 (5³
1190 3997 1380 4048 ἔπειτα
1418 3993 1604 4062 λαβὼν
1639 3995 1838 4069 ἔρριψει
1868 3996 2097 4069 θύραζε·

717 4077 788 4136 ὥς
823 4081 927 4148 οἵγ’
969 4079 1335 4154 ἀσπαίροντες
1373 4080 1623 4152 ἀείροντο
1663 4086 1833 4153 προτὶ
1870 4087 2069 4155 πέτρας
2106 4087 2162 4138 et
2200 4101 2335 4154 quae
2379 4101 2524 4154 seqq.

543 4175 598 4241 2)
637 4183 770 4251 κῆρα
806 4186 994 4256 φέρειν
1030 4189 1083 4234 B
1112 4183 1246 4248 352,
1283 4183 1321 4235 ὃ
1355 4181 1486 4246 273,
1520 4190 1563 4235 s
1597 4182 1715 4237 513.
