2975 4825
2420 289 2498 346 27

349 450 535 519 ἔνθα
579 477 693 537 μοι
728 448 1018 539 Ἑρμείας
1059 445 1501 538 χρυσόρραπις
1545 449 1963 540 ἀντεβόλησεν

350 554 694 645 ἐρχομένῳ
736 555 904 641 πρὸς
942 557 1125 638 δῶμα
1170 552 1446 643 νεηνίῃ
1493 548 1735 642 ἀνδρὶ
1782 555 2073 634 ἐοικώς

350 662 704 747 πρῶτον
747 654 1147 747 ὑπηνήτῃ,
1192 664 1506 745 τοῦπερ
1545 653 2066 746 χαριεστάτη
2107 657 2269 747 η’βη.

261 767 350 831 Hi
397 784 633 831 versus
677 765 809 830 sine
856 763 1041 830 dubio
1087 766 1309 848 poetae
1355 766 1570 830 nostro
1603 764 1918 831 obversati
1965 766 2145 841 sunt,
2193 764 2301 829 sed
2346 783 2502 847 quo-

260 868 443 933 niam
497 869 817 933 sententia
877 868 1003 933 1061
1062 867 1424 951 flagitabat,
1487 867 1746 933 alterius
1802 868 1973 951 prius
2032 867 2502 933 hemistichium

262 973 584 1049 mutavit;
660 991 796 1036 611111
858 989 1006 1038 vero
1064 990 1231 1035 nune
1286 991 1366 1036 ne
1425 971 1700 1036 alterum
1758 971 2007 1054 quidem
2069 970 2220 1035 ferri
2284 973 2501 1054 posset

260 1079 540 1160 propter
591 1077 898 1152 metrum,
960 1076 1080 1140 1106
1135 1075 1330 1140 etiam
1387 1073 1760 1140 mutandum
1821 1076 1973 1139 erat.
2075 1074 2254 1154 Quod
2314 1076 2501 1159 poeta

263 1179 354 1242 sie
402 1179 568 1243 feeit
624 1180 696 1243 ut
761 1196 978 1243 vocem
1033 1197 1190 1260 quae
1248 1177 1499 1243 omnino
1554 1176 1835 1242 solitaria
1880 1179 1976 1242 est
2034 1176 2245 1241 versui
2289 1178 2501 1241 11111111-

265 1284 521 1359 sceret,
586 1277 1051 1370 αἰσυμνητῆρι.
1050 1271 1117 1319 '¹
1239 1281 1551 1364 Repetitio
1610 1299 1721 1364 per
1792 1299 1860 1345 se
1906 1299 2054 1345 sane
2112 1279 2271 1344 nihil
2313 1280 2504 1345 habet

268 1385 664 1450 offensionis.

447 1488 529 1552 V.
577 1495 702 1553 363
764 1482 1015 1552 νύκτα
1081 1487 1195 1553 δι’
1261 1483 1742 1573 ἀμβροσίην
1808 1482 1946 1550 ὅτε
2012 1482 2092 1549 θ’
2157 1483 2499 1549 εὕδουσι

1719 1586 2017 1674 βροτοὶ
2084 1583 2328 1653 ἄλλοι

262 1690 516 1776 legitur
558 1695 751 1758 etiam
798 1694 939 1759 aliis
986 1693 1225 1759 duobus
1280 1693 1437 1758 loeis
1497 1692 1564 1756 in
1609 1695 1673 1755 K
1716 1711 1774 1756 v.
1824 1697 1906 1757 83
1952 1693 2018 1757 et
2059 1712 2116 1756 v.
2166 1697 2321 1768 3863
2386 1709 2502 1756 1166

266 1813 426 1860 sane
474 1797 544 1861 in
599 1798 930 1863 iteratione
988 1797 1321 1880 quisquam
1375 1796 1513 1861 iure
1571 1794 1881 1872 offendat,
1937 1794 2058 1858 nisi
2103 1795 2267 1877 quod
2312 1796 2500 1877 poeta

265 1917 380 1980 pro
446 1889 867 1996 αμβροσίην
936 1900 1206 1965 alterum
1262 1898 1464 1964 noetis
1525 1899 1844 1981 epitheton
1890 1889 2215 1991 ὀρφναίη’
2267 1897 2499 1963 substi-

267 2000 507 2080 tuerit,
565 1991 728 2085 quod
776 2022 886 2086 per
932 2021 998 2069 se
1037 2005 1102 2068 61
1142 2004 1262 2067 1106
1303 2002 1441 2067 1060
1486 2002 1641 2066 ferri
1682 1995 1909 2085 potest.

354 2175 359 2180 ‚
452 2105 532 2168 V.
583 2110 706 2169 365
750 2105 834 2169 οἵ
873 2128 1006 2168 τοι
1052 2101 1511 2186 δυσμενέες
1552 2101 1684 2167 καὶ
1732 2094 2123 2189 ανάρσιοι

267 2205 463 2288 plane
524 2208 742 2274 60116111
796 2208 981 2273 1110ᾶο
1039 2208 1277 2293 legitur
1332 2206 1372 2286 ξ
1412 2214 1529 2283 84,
1584 2207 1697 2272 ubi
1754 2208 1926 2272 extat
1979 2226 2219 2296 quoque
2264 2227 2325 2272 v.
2377 2214 2498 2274 177

275 2352 456 2369 ῃ

454 2428 525 2481 V.
567 2427 671 2482 349
709 2431 779 2479 οἱ
817 2426 878 2480 ‹5’
921 2429 1044 2480 ἐπεὶ
1081 2424 1182 2479 οὖν
1218 2430 1364 2497 μέγα
1420 2431 1610 2499 σῆμα
1662 2425 2126 2498 παρὲξἼλοιο
2162 2425 2404 2476 ἔλασσαν
2438 2455 2500 2464 -

271 2510 340 2564 cf.
381 2519 446 2564 A
486 2514 589 2567 166
627 2517 693 2564 οἱ
730 2514 801 2566 δὲ
841 2514 1011 2584 παρ’
1041 2511 1230 2564 Ἴλου
1270 2518 1451 2583 σῆμα
1488 2515 1739 2564 παλαιοῦ
1775 2511 2154 2585 Δαρδανίδαο.

454 2598 523 2651 V.
561 2598 666 2654 350
706 2598 955 2652 similiter
992 2598 1219 2666 saepius.
1295 2597 1380 2651 Cf.
1415 2603 1466 2649 E
1497 2597 1617 2652 368.

452 2685 520 2736 V.
558 2684 661 2740 351
714 2689 832 2751 ικαὶ
884 2686 979 2737 ἐπὶ
1025 2687 1237 2755 κνέφας
1287 2682 1457 2750 ἤλυθε
1509 2683 1704 2752 γαῖαν’
1767 2698 1847 2750 ep.
1895 2696 2120 2736 sermon.
2172 2684 2256 2735 est
2307 2697 2505 2750 propr„

275 2768 373 2822 sed
409 2768 547 2823 alibi
587 2769 720 2823 haee
752 2768 1034 2823 verborum
1069 2770 1316 2823 iunctura
1357 2784 1566 2837 semper
1603 2768 1767 2823 finem
1802 2783 1986 2821 versus
2023 2767 2231 2822 obtinet
2266 2769 2323 2820 et
2357 2767 2510 2822 deest

275 2860 485 2920 yalavz
523 2858 614 2906 καὶ
652 2856 747 2906 ἐπὶ
787 2858 993 2924 κνέφας
1015 2853 1187 2920 ἦλθεν
1223 2860 1280 2906 A
1305 2854 1440 2918 475,
1481 2873 1520 2922 γ
1552 2854 1682 2917 329,
1722 2872 1747 2906 ε
1773 2854 1906 2916 225,
1946 2875 1966 2905 ι
1995 2854 2121 2917 168,
2158 2853 2287 2916 558,
2326 2872 2358 2904 κ
2388 2851 2505 2915 185,

222 2956 237 2965 “·
276 2938 415 3004 478,
453 2941 616 3011 μ31,
658 2960 689 2992 τ
713 2939 834 2995 426.
876 2937 1056 2993 εῗσόκε
1096 2969 1161 2978 --
1200 2937 1304 3012 δύῃ
1342 2940 1383 2991 τ’
1424 2939 1608 3004 ἠέλιος
1642 2943 1733 2990 καὶ
1769 2940 1863 2991 ἐπὶ
1901 2943 2105 3009 κνέφας
2142 2939 2275 3010 ἔλθῃ
2300 2942 2360 2989 A
2379 2939 2503 3000 194,

277 3029 326 3073 Ρ
354 3025 482 3082 455.
524 3029 658 3099 πρὶν
695 3026 791 3077 ἐπὶ
828 3028 1040 3095 κνέφας
1072 3027 1261 3079 ἐλθεῖν
1297 3031 1350 3076 Β
1387 3025 1506 3080 143.
1580 3027 1723 3093 πρὶν
1762 3026 1966 3092 κνέφας
2001 3022 2140 3089 ἦλθε
2181 3026 2228 3075 Θ
2263 3024 2381 3078 500.

457 3110 522 3163 V.
560 3110 664 3165 357
702 3114 766 3162 αἴ
799 3111 843 3162 κ’
885 3108 1078 3183 ἐλεήσῃ
1112 3116 1165 3162 Ζ
1198 3110 1293 3173 94,
1329 3128 1364 3162 ν
1401 3112 1535 3173 182;
1570 3123 1740 3177 supra
1773 3123 1823 3160 v.
1861 3107 1981 3163 301.

456 3196 523 3250 V.
558 3196 662 3250 359
713 3196 883 3268 ὀρθαὶ
931 3196 994 3249 δὲ
1043 3201 1224 3268 τρίχες
1277 3197 1443 3250 ἔσταν
1501 3196 1604 3248 ἐνὶ
1653 3198 2114 3262 γναμπτοῖσι
2160 3197 2506 3263 μέλεσσιν

281 3282 422 3334 conf.
460 3286 521 3334 A
561 3283 665 3337 669
711 3280 778 3333 οὐ
825 3280 935 3350 γὰρ
976 3282 1080 3351 ἐμὴ
1127 3284 1179 3339 ἲς
1214 3280 1370 3334 ’Έσθ’
1423 3285 1511 3346 οἵη
1557 3298 1732 3352 παρος
1782 3279 1942 3332 ἔσκεν
1993 3280 2074 3331 ἐνὶ
2129 3309 2197 3317 -
2240 3281 2296 3333 et
2330 3298 2364 3334 ν
2398 3281 2505 3335 398

279 3363 478 3437 καρψω
516 3368 620 3434 μὲν
649 3365 794 3441 χρόα
819 3367 989 3420 καλὸν
1023 3369 1104 3420 ἐνὶ
1141 3394 1206 3406 -
1245 3369 1303 3421 et
1340 3366 1432 3422 ubi
1466 3366 1645 3435 aptior
1683 3364 1759 3420 Sit
1797 3363 2081 3419 Verborum
2114 3364 2359 3420 iunctura
2397 3368 2507 3420 Sta-

286 3449 390 3504 tim
425 3452 731 3520 perspicies,

461 3536 526 3588 V.
565 3538 671 3591 360
710 3543 808 3602 στῆ
846 3537 907 3590 δὲ
943 3535 1140 3608 ταφὼν
1175 3537 1242 3591 cf.
1281 3540 1343 3588 A
1378 3536 1506 3600 545,
1547 3542 1611 3588 Π
1639 3539 1760 3592 806

457 3621 524 3674 V.
562 3623 662 3675 361
694 3627 858 3694 χεῖρα
894 3625 1148 3693 γέροντος
1181 3621 1351 3685 ἑλών,
1402 3623 1633 3692 ἐξείρετο
1676 3626 1770 3674 καὶ
1821 3625 2155 3694 προσέειπεν
2195 3620 2299 3675 duo
2335 3617 2509 3674 hemi-'

287 3705 485 3759 stichia
521 3707 790 3761 homerica
838 3707 1122 3760 coniuncta
1157 3708 1297 3761 sunt.
1369 3706 1455 3760 Cf.
1492 3711 1545 3759 A
1583 3707 1685 3761 142
1724 3705 1932 3780 ιχειρὸς
1965 3706 2167 3760 ἑλοῦσ”
2223 3708 2281 3758 61
2315 3711 2368 3757 Ε
2403 3706 2504 3762 ’756

291 3791 545 3863 ιἐξείρετο
583 3794 676 3843 καὶ
716 3792 1079 3862 προσέειπεν.’

461 3875 528 3928 V.
565 3877 668 3931 364
712 3876 883 3947 μένεα
932 3883 1225 3934 πνείοντας
1256 3873 1516 3945 Ἀχαιούς
1552 3891 1712 3943 saepe
1746 3892 1831 3944 ap.
1867 3876 2055 3941 Hom,
2108 3876 2203 3930 sed
2238 3893 2378 3930 nom.
2419 3878 2505 3946 pl:

289 3959 357 4012 ef.
401 3965 450 4010 Γ
477 3960 538 4022 8,
575 3964 636 4012 Λ
670 3960 792 4016 508.
864 3967 917 4012 Β
952 3961 1056 4016 536
1091 3965 1261 4030 μένεα
1297 3966 1577 4018 πνείοντες
1598 3959 1875 4028 Ἄβαντες.

472 4141 525 4210 1)
562 4142 899 4216 αἰσυμνήτης
932 4150 985 4198 Δ
1021 4146 1144 4202 258.
1216 4146 1298 4200 De
1334 4145 1434 4200 1106
1473 4144 1731 4199 vocabulo
1767 4145 1873 4200 alio
1910 4145 2025 4200 1060
2060 4145 2283 4202 11166161.
