2975 4825
450 291 536 346 44

447 458 716 523 imitatio
746 457 1076 540 perspicua
1105 458 1233 532 est3
1281 457 1686 522 obversatum
1717 459 1886 522 enim
1917 459 2014 521 est
2043 459 2264 540 poetae
2312 458 2565 523 alteri
2587 479 2636 523 u
2659 478 2692 523 s

450 561 664 625 Iliadis
718 559 1088 643 rhapsodias
1149 560 1419 625 initium.
1509 560 1605 624 Ac
1665 561 1834 643 prior
1890 559 2142 643 quidem
2185 580 2404 626 versus
2458 562 2546 626 ibi
2599 561 2692 627 ad

449 665 709 730 verbum
758 663 1029 747 legitur3
1072 663 1440 745 posterioris
1484 682 1632 728 vero
1681 665 1949 728 alterum
1992 664 2462 730 hemistichium
2506 662 2690 754 ‘Aloe

449 757 506 829 δ’
553 758 666 829 οἰκ
716 761 816 845 ἔχε
861 760 1130 853 νήδυμος
1168 757 1407 843 ὕπνος’
1461 768 1526 830 111
1569 768 1736 832 hunc
1781 768 1991 833 locum
2033 788 2257 850 parum
2302 769 2688 852 quadrabat.

450 870 572 936 Sed
613 871 908 954 quoniam
951 871 1179 936 lacuna
1208 871 1286 936 iis
1321 870 1531 937 verbis
1563 873 1811 937 omissis
1842 873 2265 951 exoriebatur,
2311 875 2499 956 poeta
2529 894 2689 940 ver-

452 978 678 1041 borum
750 975 1107 1040 iuncturam
1177 975 1241 1039 in
1313 977 1559 1041 textum
1626 976 1863 1059 recepit
1928 1033 1941 1051 .
1959 974 2226 1061 μαλακῷ
2290 974 2693 1063 δεδμημένοι

448 1073 674 1157 ἱ(πνω,’
706 1081 729 1117 ¹
777 1098 934 1162 quae
974 1078 1207 1161 legitur
1247 1081 1315 1139 K
1358 1086 1393 1141 2
1444 1080 1510 1143 et
1551 1101 1587 1141 ο
1636 1087 1691 1144 6.

622 1186 715 1248 Ex
763 1182 1090 1247 secunda
1145 1182 1362 1247 Iliadis
1408 1184 1744 1266 rhapsodia
1799 1182 1989 1247 etiam
2034 1202 2329 1265 sequens,
2398 1185 2503 1268 qui
2552 1186 2687 1250 ite-

454 1290 630 1353 ratus
673 1290 799 1367 est,
846 1306 1064 1352 versus
1106 1287 1284 1409 (682)
1334 1288 1430 1350 est
1473 1287 1777 1368 repetitus

538 1392 685 1477 στῆ
750 1380 816 1453 δ
876 1381 993 1475 ἄρ’
1062 1385 1269 1473 ἱπὲρ
1328 1390 1692 1476 κεφαλῆς
1749 1385 1891 1454 καί
1950 1414 2087 1471 μιν
2148 1388 2363 1476 πρὸς
2406 1394 2688 1476 μῦθον

2174 1489 2288 1557 εἐι
2309 1516 2496 1574 πεν,·

451 1597 616 1681 quod
671 1596 802 1660 illic
865 1595 936 1660 de
1005 1596 1208 1678 specie
1265 1599 1576 1662 nocturna
1651 1618 1688 1662 a
1745 1598 1891 1663 Iove
1956 1598 2417 1681 Agamemnoni
2476 1546 2684 1666 ²missa

449 1702 686 1766 dictum
739 1703 860 1777 est,
926 1699 990 1763 id
1053 1702 1172 1765 hoc
1225 1700 1362 1766 loco
1423 1701 1502 1765 ad
1546 1701 1932 1766 Mercurium
1991 1704 2315 1767 Priamum
2358 1723 2391 1767 6
2451 1723 2680 1771 somno

455 1805 866 1871 suscitantem
911 1804 1179 1869 relatum
1221 1824 1355 1869 esse
1401 1804 1703 1870 videmus..

622 1909 699 1973 V.
750 1915 873 1972 692
901 1946 972 1954 —
1002 1914 1125 1972 693

536 2002 669 2076 ἀλλ’
718 2006 826 2075 ὅτε
869 2009 946 2097 δὴ
991 2004 1200 2095 πόρον
1239 1999 1376 2087 ἷξον
1420 2006 1703 2095 ἐϋρρεῖος
1749 2002 2081 2092 ποτάμοιο

535 2108 802 2183 Ξάνθου
847 2106 1205 2199 δινήεντος,
1249 2104 1323 2177 ὃν
1368 2107 1701 2190 ἀθάνατος
1744 2110 1965 2176 τέκετο
2009 2110 2177 2190 Ζεύς

449 2220 542 2284 bis
585 2221 912 2302 praeterea
952 2218 1250 2301 leguntur
1296 2217 1361 2281 in
1404 2218 1608 2301 rhaps.
1660 2221 1721 2279 ‹1›
1763 2225 1953 2281 1--2
2002 2220 2068 2281 et
2112 2215 2178 2286 Ξ
2213 2225 2337 2282 433
2372 2237 2462 2300 sq.

621 2322 696 2388 V.
733 2330 856 2387 694
894 2318 1194 2439 Ἑρμείας
1223 2318 1337 2402 μὲν
1365 2316 1565 2384 ἔπειτ’
1611 2310 1829 2406 ἀπέβη
1862 2318 2027 2406 πρὸς
2065 2318 2309 2405 μακρὸν
2331 2316 2682 2402 ’Όλυμπον

449 2428 682 2511 legitur
729 2427 919 2492 etiam
972 2427 1038 2489 in
1086 2424 1366 2508 Odyssea
1412 2449 1450 2488 κ
1482 2432 1627 2489 307.
1719 2424 1976 2490 Iteratio
2018 2425 2307 2508 legitima
2356 2427 2470 2511 est.
2532 2427 2679 2492 Nec

448 2530 651 2614 magis
695 2529 938 2594 offendo
983 2529 1065 2592 111
1093 2548 1279 2595 versu
1326 2533 1450 2592 695

529 2623 696 2708 Ἠώς
738 2628 809 2696 δὲ
856 2625 1308 2716 κροκόπεπλος
1348 2626 1649 2694 ἐκίδνατο
1696 2632 1921 2693 πᾶσαν
1967 2620 2069 2692 ἐπ’
2118 2621 2279 2710 αἶαν,

447 2737 553 2820 qui
599 2734 1078 2818 deprehenditur
1121 2737 1315 2800 etiam
1367 2735 1424 2797 Θ
1471 2743 1527 2798 1.

624 2839 697 2904 V
750 2846 872 2903 699
918 2840 1187 2903 alterum
1229 2837 1698 2903 hemistichium
1743 2831 2003 2925 ἰκέλη
2044 2835 2335 2924 χρυσέῃ
2377 2827 2673 2924 'Agepo-

449 2937 530 3006 ‹5'
505 2967 528 3005 ι
547 2966 640 3029 τῃ
729 2943 994 3008 fortasse
1058 2943 1263 3027 aptius
1311 2943 1375 3006 in
1419 2942 1625 3024 rhaps
1678 2944 1740 3001 Τ
1783 2946 1907 3004 282
1957 2939 2032 3004 de
2076 2940 2356 3049 Briseide
2402 2960 2672 3026 usurpa-

449 3049 551 3112 tur
598 3065 786 3129 quam
831 3047 943 3111 hic
979 3047 1054 3110 de
1103 3046 1471 3113 Cassandra.

623 3235 689 3288 V.
715 3237 819 3291 686
864 3238 959 3287 καὶ
1011 3238 1124 3308 τρὶς
1175 3232 1312 3286 τόσα
1367 3234 1523 3286 δοῖεν
1573 3231 1799 3287 ἄποινα.
1872 3233 2057 3287 A213
2093 3235 2186 3284 καὶ
2238 3237 2378 3285 ποτέ
2420 3251 2505 3284 τοι
2554 3238 2673 3307 τρὶς

447 3317 622 3373 τόσσα
659 3324 1001 3389 παρέσσεται
1039 3319 1219 3389 ἀγλαὰ
1260 3322 1431 3390 δῶρα.

625 3407 690 3459 V.
717 3407 820 3460 691
858 3405 929 3466 (ὃς
977 3407 1149 3476 ἔφατ’,
1199 3405 1449 3458 ἔδδεισεν
1487 3404 1536 3456 δ’
1578 3403 1607 3456 o‘
1647 3407 1855 3476 γέρων,
1886 3400 2112 3476 ’κήρυκα
2152 3401 2203 3456 δ’
2247 3401 2440 3469 ἀνίστη
2477 3403 2544 3457 cf.
2583 3420 2670 3459 vv.

451 3492 556 3547 515
594 3494 649 3565 et
690 3493 809 3546 571.

623 3578 689 3630 V.
714 3578 818 3631 698
859 3579 1004 3647 ἔγνω
1047 3573 1249 3649 πρόσθ’
1302 3575 1526 3647 ἀνδρῶν
1563 3571 1911 3635 καλλιζώνων
1946 3592 2003 3627 τε
2037 3579 2319 3642 γυναικῶν
2367 3574 2434 3628 cf.
2483 3583 2529 3642 ψ
2568 3576 2672 3633 147

451 3664 673 3738 ἀνδρῶν
721 3662 1027 3723 παιζόντων
1078 3659 1421 3723 καλλιζώνων
1455 3680 1514 3714 τε
1552 3667 1850 3730 γυναικῶν.
1910 3666 1974 3711 ΙΙ
1987 3661 2088 3715 139
2129 3659 2327 3734 ἄνδρες
2366 3663 2672 3726 κίκλησκον

451 3751 776 3809 καλλίζωνοί
809 3767 867 3801 τε
905 3754 1176 3818 γυναῖκες.

625 3835 688 3888 V.
715 3836 817 3890 703
854 3833 975 3887 vide
1012 3833 1172 3887 infra.
1219 3864 1279 3872 —-
1352 3834 1418 3887 V.
1447 3832 1550 3887 724
1585 3833 1656 3887 cf.
1689 3849 1738 3886 v.
1775 3833 1894 3887 647.

630 4033 680 4100 1)
718 4033 970 4088 Ceterum
1006 4050 1031 4086 s
1049 4048 1278 4087 ensum
1311 4030 1640 4086 hemistichii
1677 4033 1860 4087 omissi
1896 4034 2135 4088 continet
2166 4050 2215 4087 v.
2240 4032 2370 4096 679,
2410 4033 2505 4101 qui
2541 4034 2674 4090 sub-

454 4137 479 4173 s
548 4120 695 4173 uitur

483 4136 548 4189 eq
875 4186 988 4240 ἀλλ’
1028 4189 1131 4257 οὐχ
1165 4186 1423 4259 Ἑρμείαν
1458 4183 1735 4260 ἐριούνιον
1770 4187 1942 4244 ὕπνος
1970 4188 2270 4260 ἔμαρπτεν.
