2975 4825
2451 278 2531 338 15

293 453 662 539 Epitheton
723 448 972 533 quidem
1034 437 1320 529 εὐρύοπα
1381 443 1624 511 duobus
1689 443 1790 510 his
1853 445 2107 512 tantum
2165 444 2321 514 locis
2386 466 2533 513 cum

293 554 749 643 patronymico
825 545 1173 636 Κρονίδης,
1255 548 1512 632 reliquis
1585 551 1797 614 autem
1873 567 2117 633 semper
2185 570 2331 617 cum
2397 550 2533 637 ipso

294 662 482 727 Iovis
557 657 807 723 nomine
885 644 1098 731 ,Ζεύς’
1158 653 1562 737 coniungitur
1639 655 1705 718 et
1776 651 2167 721 solummodo
2245 658 2312 721 in
2369 657 2541 722 exitu

296 766 824 831 hexametrorum
881 756 1382 842 deprehenditur.
1471 755 1597 821 Sed
1652 755 1810 822 nihil
1853 776 1928 823 ex
1970 759 2092 823 hac
2137 778 2203 824 re
2250 759 2541 826 concludi

304 869 569 954 potest,
607 866 731 931 nisi
773 862 912 946 quis
954 862 1116 928 forte
1180 862 1247 926 in
1284 863 1344 922 B
1390 867 1552 939 375,
1622 862 1700 921 Π
1729 867 1892 941 845,
1959 886 1993 925 ν
2038 868 2119 927 25
2176 864 2435 930 offendit
2475 865 2542 929 in

306 966 653 1056 Κρονίδης
689 966 855 1044 Ζεύς
868 1018 883 1046 ,
926 985 1072 1032 cum
1114 965 1479 1049 plerumque
1524 963 1768 1031 dicatur
1812 965 2182 1050 simffliciter
2229 963 2546 1056 Κρονίδης

311 1078 412 1159 (Δ
469 1080 545 1152 5,
592 1079 708 1150 25,
767 1073 843 1132 Π
883 1076 1043 1146 440,
1104 1066 1169 1136 Ξ
1211 1075 1371 1148 330,
1440 1073 1496 1132 Y
1536 1076 1650 1147 31,
1706 1093 1750 1132 α
1790 1076 1910 1148 45,
1972 1094 2026 1134 ω
2071 1073 2258 1155 554),
2332 1073 2437 1140 vel
2477 1073 2546 1139 in

312 1172 662 1263 Κρονίωνα
719 1169 966 1237 ἄνακτα
1029 1173 1135 1239 vel
1194 1168 1514 1259 Κρονίωνι
1574 1168 1802 1237 ἄνακτι
1843 1175 1948 1257 (Α
1992 1180 2120 1238 502
2166 1178 2232 1241 ct
2272 1178 2332 1238 Σ
2372 1180 2544 1261 118),

316 1281 624 1367 quoniam
653 1279 1021 1362 plerumque
1050 1276 1476 1342 nominativus
1510 1271 1806 1361 Κρονίων
1835 1276 2025 1344 finem
2052 1277 2246 1345 faciat
2274 1283 2546 1347 versus.¹

506 1512 557 1582 1)
603 1511 793 1582 Neque
838 1510 1198 1580 suspicionem
1244 1512 1427 1579 potest
1474 1513 1695 1577 movere'
1749 1540 1813 1550 ——
1889 1527 2076 1567 moneo
2137 1512 2239 1568 hoc
2297 1514 2552 1571 adversus

317 1599 626 1668 Hauptium
673 1599 733 1652 in
777 1597 1032 1652 additam.
1069 1597 1137 1652 ad
1171 1595 1386 1650 Lachm
1428 1594 1717 1650 observatu
1766 1626 1833 1635 —
1885 1598 2029 1667 quod
2071 1598 2232 1653 sicuti
2266 1600 2324 1655 in
2367 1606 2414 1656 Θ
2447 1603 2551 1658 206

324 1687 605 1749 et5265,
639 1685 785 1739 infra
819 1700 1098 1754 quoquev.
1123 1684 1226 1737 331
1262 1682 1464 1753 legitur
1500 1699 1717 1737 accus
1757 1682 2284 1759 εὐρύοπαΖῆνῖ
2325 1685 2551 1758 (Nempe

325 1774 435 1837 sic,
475 1789 580 1827 non
600 1776 714 1837 Ζῆν
736 1769 825 1825 vel
850 1769 988 1836 Ζήν,
1025 1773 1089 1824 ut
1104 1770 1284 1823 Herm.
1304 1770 1361 1822 et
1376 1768 1542 1823 Bekk.
1561 1770 1764 1834 volunt,
1800 1770 2136 1832 scribendum
2169 1788 2285 1827 esse
2309 1773 2550 1841 videtum

326 1875 543 1927 semper
594 1858 767 1921 enim,
827 1872 924 1910 nec
974 1872 1083 1910 non
1134 1856 1191 1909 in
1235 1854 1457 1910 Hesiodi
1509 1856 1707 1926 Theog.
1762 1873 1811 1910 v.
1863 1857 1994 1920 884,
2056 1874 2089 1911 a
2139 1860 2310 1913 vocali
2360 1860 2555 1930 incipit

327 1963 562 2016 sequens
596 1960 807 2006 versus,
854 1958 1026 2012 neque
1063 1943 1268 1997 neutris
1304 1943 1418 1997 illis
1465 1944 1543 1996 δῶ
1582 1945 1701 2012 (pro
1738 1945 1923 2014 δῶμα)
1970 1947 2028 1998 et
2061 1951 2154 2014 κρῖ
2203 1947 2320 2015 (pro
2357 1948 2554 2019 κριθή)

327 2047 583 2102 apocope,
610 2047 773 2100 quam
791 2031 1055 2092 statuunt,
1081 2029 1475 2097 comprobatur.
1525 2029 1860 2100 Quamquam
1879 2031 2034 2085 elisio
2051 2032 2109 2085 in
2134 2033 2279 2086 exitu
2304 2050 2554 2089 versuum

330 2136 446 2174 non
481 2118 599 2172 aliis
635 2115 892 2185 exemplis
930 2115 1278 2170 confirmatur
1289 2137 1304 2180 ;
1344 2115 1439 2170 sed
1472 2115 1604 2170 haec
1638 2116 1860 2171 licentia
1893 2122 2114 2186 propter
2151 2122 2383 2175 metrum
2420 2122 2556 2176 satis

333 2203 692 2261 excusationis
743 2201 945 2271 habet)
1018 2201 1119 2256 Est
1166 2202 1381 2272 quidem
1415 2218 1517 2256 vox
1571 2200 1874 2274 εὐρύοπα
1928 2203 1995 2257 in
2043 2203 2267 2261 Iliade
2310 2209 2556 2262 novies

333 2292 410 2361 (E
442 2292 579 2354 265,
629 2294 677 2344 Θ
706 2289 842 2352 442,
890 2294 925 2339 Ι
952 2289 1085 2352 419,
1123 2288 1257 2352 686;
1315 2294 1374 2341 Ν
1406 2288 1535 2352 732,
1577 2289 1625 2346 Ξ
1655 2289 1786 2352 203,
1830 2293 1877 2342 Ο
1910 2290 2037 2355 724,
2075 2296 2124 2344 P
2152 2292 2280 2356 544,
2320 2296 2373 2345 Ω
2412 2294 2558 2362 296),

326 2378 395 2433 in
447 2375 798 2447 Odysssea
843 2375 1100 2444 septies
1137 2375 1194 2443 (β
1229 2375 1356 2438 146,
1407 2395 1444 2444 γ
1475 2375 1606 2441 288,
1655 2376 1691 2429 δ
1729 2375 1854 2440 173,
1896 2378 1927 2429 λ
1962 2377 2092 2443 435,
2133 2381 2163 2439 ξ
2197 2378 2325 2444 232,
2364 2398 2396 2452 ρ
2431 2379 2554 2445 322,

328 2484 374 2517 ω
410 2465 537 2533 545)
573 2463 1063 2524 nominativus,
1101 2462 1313 2516 semel
1358 2461 1588 2530 (Π241)
1625 2463 1992 2518 vocativus
2028 2496 2095 2504 —-
2130 2481 2232 2520 usu
2267 2467 2419 2521 venit
2447 2467 2553 2537 igi·

326 2553 423 2604 tur
473 2548 723 2623 εὐρύοπα
778 2550 914 2608 Ζεὺς
966 2548 1054 2603 vel
1109 2551 1220 2600 Ζεῦ
1273 2547 1450 2602 decies
1503 2548 1562 2602 in
1610 2548 1810 2613 Iliade,
1866 2565 1975 2604 non
2036 2552 2245 2616 novies,
2307 2556 2370 2607 ut
2423 2554 2555 2608 dicit

327 2637 521 2704 Haupt
555 2657 652 2699 —3
689 2636 782 2689 sed
816 2634 1010 2689 similis
1046 2635 1131 2688 cst
1157 2650 1289 2688 usus
1325 2633 1682 2704 patronymici
1717 2637 2031 2707 Κρονίδης,
2068 2637 2212 2707 quod
2244 2639 2558 2710 plerumque

331 2723 525 2791 (sexies
565 2752 628 2762 -
680 2721 894 2786 Β375,
954 2726 1006 2773 Δ
1041 2722 1100 2784 5,
1155 2720 1374 2785 Π845,
1434 2721 1612 2785 Υ31,
1669 2740 1711 2774 ω
1747 2722 1879 2787 359,
1931 2723 2056 2793 544)
2109 2723 2274 2779 habet
2329 2725 2559 2780 formam

334 2808 682 2871 nominativi,
718 2810 907 2877 quater
943 2808 1018 2876 (Δ
1057 2808 1153 2869 25,
1194 2812 1257 2858 Π
1284 2809 1415 2870 440,
1457 2809 1507 2865 Ξ
1543 2808 1678 2870 330,
1718 2829 1752 2860 α
1778 2808 1871 2876 45)
1909 2809 2167 2874 vocativi,
2213 2811 2378 2866 semel
2402 2815 2458 2883 (ν
2467 2814 2560 2880 25)

334 2895 531 2958 dativi,
594 2893 698 2948 bis
736 2895 825 2963 (A
862 2892 994 2957 498,
1057 2896 1111 2944 Ω
1148 2892 1248 2961 98)
1303 2893 1701 2948 accusativi.
1781 2894 1981 2948 Verum
2016 2896 2117 2951 hoc
2146 2913 2255 2951 non
2293 2899 2465 2952 solum
2501 2899 2560 2952 in

335 2981 391 3034 εἰ
399 2979 585 3052 ρύοπα
611 2981 770 3046 Ζῆν’,
819 2995 1002 3034 verum
1038 2979 1206 3033 etiam
1240 2978 1298 3031 in
1336 2975 1581 3049 εὐρύοπα
1606 2981 1889 3051 Κρονίδην
1925 2980 2061 3035 satis
2094 2984 2441 3038 memorabile
2479 2987 2566 3038 est

332 3065 624 3120 formam
665 3064 1031 3137 εὐρύοπα’
1072 3063 1467 3120 accusativi
1502 3064 1617 3118 vice
1650 3063 1823 3133 fungi.

506 3151 944 3221 Patronymicum
969 3157 1223 3225 Κρονίων
1257 3150 1368 3206 fere
1403 3152 1557 3205 tenet
1592 3150 1793 3206 exitum
1816 3152 2112 3209 hexametri
2148 3156 2205 3208 et
2241 3173 2321 3210 no
2338 3172 2393 3210 m
2407 3156 2475 3212 in
2488 3174 2560 3212 a·

333 3237 466 3293 tivi
506 3238 619 3293 vice
666 3237 939 3308 fungitur,
1002 3237 1151 3291 velut
1200 3237 1443 3312 ὑπέρσχῃ
1501 3257 1589 3307 χει
1598 3259 1666 3314 ρα
1717 3245 1971 3314 Κρονίων
2019 3245 2072 3293 Δ
2117 3241 2220 3298 249
2266 3246 2322 3298 et
2363 3247 2394 3304 ξ
2440 3245 2558 3311 184,

336 3322 500 3384 αυτός
538 3342 602 3394 γε
633 3331 886 3397 Κρονίων
922 3329 983 3376 Ν
1010 3325 1139 3388 319,
1192 3323 1371 3395 φόνον
1410 3325 1465 3377 ‹5‘
1506 3322 1682 3396 ἤμυνε
1719 3331 1971 3401 Κρονίων
2005 3331 2065 3379 Ν
2096 3328 2221 3394 782,
2275 3329 2435 3385 τοῖόν
2474 3352 2559 3385 τοι

337 3408 659 3483 ἀοσσητῆρα
694 3417 948 3484 Κρονίων
990 3414 1035 3464 Ο
1057 3412 1188 3473 254,
1229 3408 1494 3464 ἐτάνυσσε
1530 3417 1794 3484 Κρονίων
1836 3415 1882 3465 O
1912 3414 2041 3477 662,
2083 3414 2221 3468 ἰδὼν
2257 3416 2440 3483 ἐλέησε
2463 3423 2563 3491 Κρ.

338 3502 388 3547 P
414 3491 547 3559 441,
600 3502 653 3549 Τ
682 3497 818 3561 340,
865 3498 960 3550 ἐπὶ
997 3495 1135 3557 Ζεὺς
1172 3503 1309 3563 θῆκε
1347 3503 1449 3571 Κρ.
1488 3516 1532 3568 μ
1570 3496 1707 3560 399,
1744 3517 1774 3550 ο
1811 3500 1945 3564 477,
1996 3500 2189 3567 ἔστησε
2225 3509 2323 3577 Κρ.
2359 3523 2403 3572 μ
2440 3504 2561 3567 405,

338 3581 537 3651 γενεὴν
570 3581 828 3651 μούνωσε
868 3589 972 3655 Κρ.
1009 3601 1054 3635 π
1089 3582 1215 3647 117,
1257 3584 1316 3635 ἐν
1352 3587 1523 3655 φρεσὶ
1564 3589 1708 3650 θῆκε
1742 3590 1843 3657 Κρ.
1882 3603 1927 3637 π
1961 3586 2093 3651 291,
2128 3587 2284 3659 μάλα
2323 3608 2398 3660 με
2424 3588 2565 3649 Ζεὺς

338 3684 566 3739 αφρονα
602 3674 742 3734 θῆκε
780 3674 881 3743 Κρ.
920 3690 965 3740 φ
1003 3669 1130 3733 102,
1169 3668 1235 3722 τά
1273 3671 1333 3721 οἱ
1364 3669 1610 3722 ἐτέλεσσε
1646 3675 1748 3741 Κρ.
1782 3691 1823 3740 χ
1857 3672 1946 3729 51.
1990 3672 2347 3729 Inveniuntur
2380 3676 2563 3729 autem

339 3752 398 3805 iu
435 3753 582 3807 exitu
617 3769 868 3808 versuum
903 3754 1067 3810 etiam
1104 3755 1200 3809 alii
1220 3770 1400 3819 casus,
1440 3755 1591 3809 velut
1627 3754 1908 3811 dativus
1945 3763 2261 3832 κελαινεφέϊ
2282 3766 2562 3832 Κρονίωνι

342 3845 397 3890 Α
430 3839 564 3903 397,
604 3847 656 3892 Ζ
682 3840 816 3903 267,
857 3844 912 3893 Ω
945 3842 1079 3906 290,
1114 3841 1202 3895 vel
1236 3841 1679 3896 accusativus
1716 3846 2047 3916 κελαινεφέα
2066 3851 2361 3919 Κρονίωνα
2399 3851 2456 3899 Λ
2480 3847 2563 3911 78,

342 3923 429 3977 vol
463 3925 734 3993 genitivus
773 3926 1085 3999 ἐρισθενέος
1121 3912 1440 4001 Κρονίωνος
1477 3933 1534 3979 Φ
1572 3928 1690 3983 184.

515 4011 656 4077 Quin
696 4011 861 4065 etiam
910 4013 1301 4081 paenultimum
1348 4028 1537 4067 versus
1584 4014 1760 4068 locum
1804 4014 1970 4071 habet
2013 4016 2355 4083 vocabulum,
2416 4019 2567 4073 velut

347 4107 562 4152 accus
600 4097 854 4153 inA502
871 4104 987 4152 Δία
1024 4104 1314 4173 Κρονίωνα
1351 4097 1592 4166 ἄνακτα,
1632 4100 1692 4154 in
1716 4106 1772 4154 A
1793 4101 1897 4156 539
1932 4107 2048 4156 Δία
2076 4109 2364 4180 Κρονίωνα
2397 4122 2567 4180 προς-

346 4178 511 4246 ηύδα,
571 4183 660 4235 vel
690 4187 841 4236 Ζννα
874 4191 1169 4260 Κρονίωνα
1206 4184 1491 4258 προςηύδα
1538 4206 1581 4239 ω
1617 4185 1748 4251 472,
1809 4193 1923 4243 Δία
1965 4195 2264 4266 Κρονίωνα
2302 4194 2562 4261 λιτοίμην
