2975 4825
2518 275 2553 331 9

319 446 625 514 videmus
642 495 657 524 ‚
705 461 899 525 eoque
930 441 1134 525 magis
1162 442 1393 507 mirum
1424 443 1522 508 est
1547 441 1710 526 quod
1737 440 1966 527 Apollo
1997 444 2118 507 hoc
2153 441 2292 507 loco
2321 442 2560 508 Hecto-

318 553 418 618 ris
465 566 698 633 corpus
742 547 963 632 aegide
1007 547 1253 623 tuetur,
1301 545 1595 628 quoniam
1639 545 1705 611 id
1740 547 1806 610 in
1858 549 1923 609 Ψ
1956 546 2120 612 nube
2159 545 2339 631 tegit.

514 652 810 717 Ceterum
870 643 1183 743 (χρυσείῆ
1247 649 1421 713 nullo
1482 650 1605 715 alio
1667 650 1805 715 loco
1870 651 1967 715 est
2024 650 2344 733 epitheton
2385 652 2561 735 aegi-

326 758 430 823 dis
448 807 465 835 ‚
535 775 693 839 quae
747 753 956 838 potius
1015 753 1379 837 plerumque
1441 752 1673 818 dicitur
1735 745 2147 817 θυσανόεσσα
2207 754 2308 818 vel
2365 749 2559 838 ἐρίτι-

323 883 496 943 μος,·
540 860 609 924 in
653 860 860 941 rhaps.
910 859 1122 923 autem
1174 857 1229 920 Ο
1277 864 1399 921 308
1449 856 1539 921 sic
1580 857 1811 941 legitur
1856 856 1931 922 de
1967 856 2264 941 Apolline

1366 955 1468 1039 ἔχε
1517 955 1581 1024 δ’
1630 956 1851 1045 αἰγίδα
1895 964 2124 1047 θοῦριν

417 1063 636 1152 δεινὴν
697 1056 1134 1149 ἀμφιδάσειαν
1212 1054 1570 1149 ἀριπρεπέ’
1620 1104 1700 1111 -

321 1171 454 1239 Sed
526 1168 817 1252 quicquid
880 1166 1275 1252 praeclarum
1343 1170 1441 1233 est
1456 1217 1471 1246 ‚
1551 1168 1846 1250 quicquid
1910 1167 2192 1233 divinum
2254 1170 2559 1252 appellari

322 1275 498 1341 solet
544 1292 821 1338 aureum.
847 1275 871 1311 1
975 1272 1252 1336 Imitatio
1294 1272 1632 1337 manifesta
1678 1274 1805 1338 est:
1854 1274 1950 1337 est
1995 1271 2189 1356 igitur
2231 1274 2298 1338 in
2340 1277 2555 1357 aperto

322 1380 526 1446 etiam
569 1398 626 1442 v.
663 1384 740 1441 18
788 1379 1009 1458 poetae
1051 1376 1449 1459 rhapsodiam
1505 1378 1570 1439 Ψ
1608 1396 1743 1441 esse
1782 1377 2196 1442 obversatam.

509 1497 586 1562 V.
629 1505 709 1561 28
752 1497 925 1580 prius
970 1496 1439 1584 hemistichium

417 1599 561 1667 καὶ
621 1597 1007 1685 Πρίαμος
1062 1597 1202 1665 καὶ
1263 1598 1459 1677 λαὸς

508 1773 688 1827 Etiam
725 1789 842 1826 cum
875 1789 922 1825 v.
964 1773 1044 1828 25
1082 1790 1172 1842 sq.
1212 1776 1499 1841 pangeret,
1551 1775 1711 1841 poeta
1759 1774 1988 1842 primam
2035 1773 2379 1842 rhapsodiam
2431 1777 2559 1828 ante

322 1861 515 1916 oculos
554 1859 805 1915 habuisse
840 1858 1068 1913 videtur.
1137 1861 1285 1914 Dicit

613 1952 790 2000 πᾶσιν
829 1946 1093 2012 ἑήνδανεν
1135 1947 1269 2015 (scil.
1309 1951 1514 2016 κλέψαι
1555 1947 1772 2017 νέκυν),
1817 1948 1953 2001 οὐδέ
1984 1948 2116 2001 ποθ’
2149 1947 2320 2022 εἨρῃ

394 2033 575 2085 οὐδὲ
618 2030 1076 2086 Ποσειδάων’
1130 2034 1301 2087 οὐδὲ
1348 2032 1811 2103 γλαυκώπιδι
1860 2032 2091 2107 κούρῃ.

318 2120 445 2173 Iam
484 2119 695 2188 quaeris
731 2136 822 2172 cur
858 2119 916 2173 hi
951 2121 1063 2173 tres
1098 2119 1186 2173 dei
1208 2118 1451 2189 Apollini
1492 2121 1769 2177 resistant.
1840 2121 2124 2189 Neptunus
2156 2121 2369 2190 quidem
2395 2136 2554 2189 saepe

318 2206 623 2275 opitulatur
647 2205 688 2259 A
704 2206 950 2269 chivis,
988 2206 1073 2259 Ac
1088 2206 1327 2260 hillem
1366 2223 1632 2276 nusquam
1660 2223 1821 2275 opera
1845 2207 2081 2262 adiuvat.
2123 2207 2325 2261 Contra
2346 2207 2403 2260 in
2425 2206 2474 2259 A
2496 2208 2556 2261 hi

316 2293 376 2346 di
415 2292 729 2345 societatem
764 2293 951 2347 iniisse
991 2297 1278 2347 narrantur
1313 2294 1382 2348 ad
1418 2293 1603 2348 Iovem
1648 2296 1826 2362 ipsum
1863 2292 2203 2349 vinciendum
2218 2316 2233 2358 ;
2292 2310 2556 2362 aegreque

314 2381 608 2449 Aeg-aeone
644 2379 839 2434 auxilio
879 2382 1066 2434 vocato
1102 2396 1135 2435 a
1168 2380 1395 2436 Thetide
1428 2380 1735 2449 prohibitos
1770 2399 1887 2437 esse
1936 2382 2069 2437 dicit
2100 2381 2338 2436 Achilles
2385 2379 2557 2450 (Prel-

316 2470 402 2522 ler
440 2465 536 2521 Gr.
579 2466 748 2534 Myth.
784 2467 813 2521 I
851 2484 903 2535 p.
934 2467 1083 2535 130):

956 2553 1180 2623 ἔφησθα
1218 2555 1539 2625 κελαινεφέι·
1576 2560 1852 2630 Κρονίωνι

534 2644 621 2707 οἴη
660 2639 720 2692 ἐν
757 2637 1136 2695 ἀθανάτοισιν
1172 2638 1359 2692 ἀεικέα
1399 2639 1598 2711 λοιγὸν
1634 2642 1863 2712 ἀμῦναι,

536 2723 749 2778 ὁππότε
782 2745 887 2796 μιν
925 2726 1190 2793 ξυνδῆσαι
1223 2725 1522 2797 Ὀλύμπιοι
1561 2724 1769 2795 ἤθελον
1805 2727 1983 2794 ἄλλοι,

529 2812 686 2885 ’Ἡρη
736 2811 790 2864 τ’
854 2812 973 2877 ἠδὲ
1022 2800 1456 2866 Ποσειδάων
1505 2818 1630 2866 καὶ
1678 2813 1966 2874 Παλλάξ
2015 2810 2271 2881 Ἀθήνη.

316 2901 475 2955 Licet
522 2914 932 2952 commemorare
990 2897 1268 2953 verborum
1313 2899 1619 2956 iuncturam
1682 2904 2029 2968 ιγλαυκῶπις
2077 2899 2267 2973 κούρη’
2332 2901 2555 2969 reperiri

317 2988 542 3042 demum
593 2986 651 3038 in
710 2984 951 3055 Odyssea
987 2986 1042 3053 (β
1077 2985 1214 3048 433,
1253 3006 1294 3037 ω
1331 2987 1473 3054 517).
1544 2986 1609 3039 In
1645 2986 1816 3040 Iliade
1867 2986 2070 3054 legitur
2103 2990 2199 3040 aut
2234 2989 2553 3055 γλαυκῶπις

317 3071 527 3140 Ἀθήνη
567 3071 700 3140 (sive
738 3073 1023 3140 Ἀθηναίη)
1060 3074 1155 3126 aut
1189 3071 1461 3137 absolute,
1502 3071 1645 3142 quod
1676 3072 1855 3137 aiunt,
1909 3075 2243 3130 Γλαυκῶπις.

499 3158 564 3210 V.
605 3159 674 3212 33
716 3160 962 3226 σχέτλιοί
1010 3159 1155 3221 ἐστε,
1223 3161 1371 3221 θεοὶ,
1424 3156 1734 3230 δηλήμονες
1790 3158 2197 3215 consererendus
2245 3161 2329 3214 est

499 3263 522 3297 ε
567 3243 670 3299 118
726 3247 969 3313 σχέτλιοί
1002 3244 1154 3307 ἐστε,
1195 3247 1346 3311 θεοὶ,
1400 3249 1428 3308 ζ
1439 3265 1470 3313 η
1487 3243 1623 3316 λήμ
1649 3265 1807 3305 ονες
1843 3246 2036 3315 ἔξοχον
2075 3243 2270 3298 ἄλλων.

501 3329 568 3382 V.
613 3331 681 3384 38
729 3333 842 3382 καὶ
892 3330 1016 3382 ἐπὶ
1060 3334 1312 3400 κτέρεα
1354 3338 1793 3406 κτερίσαιεν
1844 3335 2032 3387 notum
2071 3331 2341 3403 Odysseae
2382 3332 2552 3387 hemi-

320 3417 581 3474 stichium
619 3437 653 3468 α
690 3417 823 3480 291,
859 3423 895 3483 β
932 3417 1064 3480 222,
1105 3435 1143 3485 y
1180 3415 1284 3472 285
1323 3432 1466 3486 saep.

470 3567 521 3637 1)
560 3567 647 3621 Sic
681 3567 738 3620 in
777 3572 830 3620 A
864 3566 1020 3621 initio

542 3653 610 3707 Οἱ
648 3654 705 3706 δὲ
747 3655 879 3706 θεοὶ
916 3652 1024 3727 γὰρ
1058 3657 1195 3720 Ζηνὶ
1235 3653 1548 3727 καθήμενοι
1585 3653 1900 3729 ἠγορόωντο

531 3743 815 3813 χρυσέῳ
866 3740 924 3793 ἐν
961 3740 1216 3809 δαπέδῳ,
1255 3739 1396 3812 μετὰ
1438 3741 1500 3794 δὲ
1542 3748 1707 3812 σφίσι
1744 3741 1953 3796 πότνια
1979 3741 2119 3811 ’Ὴβη
2232 3766 2239 3772 ·

538 3830 730 3898 νέκταρ
767 3823 1056 3896 ἐῳνοχόει·
1108 3829 1195 3879 τοὶ
1234 3827 1295 3880 δὲ
1325 3832 1676 3902 χρυσέοις
1713 3825 2021 3884 δεπάεσσιν

540 3910 810 3980 δειδέχατ’
854 3909 1124 3978 ἀλλήλους
1159 3914 1213 3966 et
1252 3929 1386 3982 quae
1426 3931 1573 3985 seqq.

606 3995 673 4050 In
708 4003 758 4050 E
785 3998 888 4055 724
925 3997 991 4051 de
1029 3997 1212 4053 divino
1248 4016 1404 4054 curru
1437 4004 1548 4053 τῶν
1587 3999 1619 4066 ἢ
1657 4019 1741 4053 τοι
1770 4003 1983 4074 χρυσέη
2025 4005 2142 4062 ἴτυς
2176 4001 2425 4074 ἄφθιτος
2458 4035 2554 4070 —‚

321 4081 383 4134 in
419 4083 604 4135 nostra
641 4083 817 4154 thaps.
869 4101 915 4139 v.
954 4086 1053 4140 101
1093 4084 1230 4161 ’Ἡρη
1281 4088 1341 4141 δὲ
1380 4084 1623 4163 χρύσεον
1664 4084 1834 4139 καλὸν
1885 4087 2059 4148 δέπας
2109 4087 2171 4143 ἔν
2201 4092 2326 4162 χερὶ
2364 4093 2552 4156 θῆκεν,

327 4165 453 4220 alia.
511 4196 573 4205 —
1113 4176 1132 4183 ‘
1158 4176 1165 4182 '
1194 4175 1359 4198 “²²³³

1099 4221 1206 4240 ιιι-ν
1233 4206 1360 4239 Αιτζῖζᾼ
