2975 4825
421 238 518 318 ‘26

517 420 607 504 ὥς
647 418 849 513 ἔφατ’,
896 420 1030 494 οὐδ>
1079 426 1378 515 α’πίθησε
1419 424 1759 516 διάκτορος
1787 425 2282 519 Ἀργειφόντης·

518 525 718 595 αὐτίκ’
767 526 985 596 ἔπειθ’
1032 527 1162 598 ὑπὸ
1206 529 1453 597 ποσσὶν
1495 526 1770 619 ἐδήσατο
1811 531 1976 598 καλὰ
2018 531 2257 599 πέδιλα

518 624 843 719 ἀμβρόσια
883 629 1176 721 χρύσεια,
1223 629 1305 699 τά
1347 660 1457 717 μιν
1502 632 1715 722 φέρων
1764 630 1922 723 ἦμέν
1964 629 2063 724 ἐφ’
2103 633 2295 724 ὑγρὴν

515 726 612 822 ἠδ’
655 732 760 799 ἐπ’
807 727 1121 823 ἀπείρονα
1163 740 1354 821 γαῖαν
1400 734 1536 820 ἅμα
1582 741 1808 826 πνοιῇς
1852 734 2120 821 ἀνέμοιο
2147 760 2161 774 ·

516 838 721 903 εἵλετο
763 838 835 903 δὲ
874 834 1109 926 ῥάβδον
1123 892 1138 920 ,
1186 832 1318 929 τῇτ3
1360 832 1610 927 ἀνδρῶν
1652 834 1913 924 ὄμματα
1955 840 2178 927 θέλγει

518 933 604 1005 ὧν
643 938 894 1022 ἐθέλει,
946 942 1097 1020 τοὺς
1141 935 1354 1008 δἀῧτε
1398 942 1510 1009 καὶ
1553 939 1930 1022 ὑπνώοντας
1975 942 2238 1032 ἐγείρει·

516 1043 627 1129 τὴν
673 1043 835 1126 μετὰ
873 1045 1092 1132 χερσὶν
1142 1042 1301 1128 ἔχων
1347 1045 1587 1111 πέτετο
1626 1046 1859 1134 κρατὺς
1891 1042 2345 1135 Ἀργειφόντης.

431 1163 723 1231 Ceberum
774 1166 960 1250 primi
1015 1169 1146 1232 lares
1206 1186 1424 1233 versus
1482 1167 1549 1232 in
1610 1169 1809 1251 primo
1852 1167 2013 1232 libro
2062 1169 2375 1252 Odysseae
2433 1171 2517 1254 (v.
2553 1178 2649 1234 -96

429 1267 584 1352 sqq.)
633 1269 708 1332 de
754 1269 1043 1335 Minerva
1090 1271 1479 1336 adhibentur.

600 1387 768 1450 Deos
825 1387 1180 1453 hominibus
1234 1388 1601 1472 plerumque
1645 1407 1771 1453 non
1818 1389 2031 1472 palam
2080 1407 2145 1453 se
2189 1388 2466 1465 obferre,
2530 1389 2649 1452 sed

429 1490 634 1570 speeie
676 1490 938 1555 alieuius
982 1490 1234 1557 indutos
1281 1486 1434 1558 satis
1474 1494 1695 1557 notum
1739 1494 1870 1569 est3
1919 1494 2011 1557 sie
2055 1493 2173 1556 hoo
2215 1510 2457 1573 quoque
2500 1490 2646 1555 loeo

427 1592 777 1658 Mercurius
818 1593 1070 1658 Priamo
1119 1595 1368 1660 obviam
1409 1596 1485 1660 fit
1533 1595 1754 1660 habitu
1803 1597 1867 1659 el:
1909 1596 2111 1680 forma
2145 1594 2442 1676 principis
2488 1592 2645 1658 ado-

429 1695 746 1761 lescentis.
834 1697 1006 1762 Dicit
1054 1699 1267 1763 autem
1306 1701 1493 1782 poeta
1536 1718 1723 1766 versu
1768 1706 1891 1764 347
1940 1717 2030 1781 sq.

514 1814 616 1897 βῆ
658 1802 723 1875 δ’
772 1807 988 1877 ἰέναι
1034 1813 1298 1899 κούρῳ
1335 1810 1896 1900 αἰσυμνητῆρι
1937 1810 2266 1893 ἐοικώς,

514 1916 844 1998 πρῶτον
888 1909 1292 2003 ὑπηνήτῃ,
1334 1922 1650 2001 τοῦπερ
1688 1911 2209 2002 χαριεστάτη
2252 1912 2420 2001 ἥβη.

428 2029 525 2095 Ao
565 2050 711 2098 vere
749 2032 992 2097 iuvenis
1037 2034 1274 2116 speeies
1317 2034 1631 2098 Mercurio
1663 2035 1933 2098 maxime
1980 2035 2077 2098 est
2122 2034 2302 2117 apta:
2342 2032 2643 2097 nimirum

427 2135 616 2198 etiam
663 2134 934 2199 artifices
985 2137 1078 2201 ita
1123 2136 1309 2201 deum
1354 2138 1560 2202 solent
1613 2138 1865 2221 fingere.
1956 2137 2193 2201 Eadem
2240 2137 2449 2201 autem
2494 2154 2644 2218 spe—

427 2237 520 2301 eie
567 2237 734 2303 Ulixi
796 2258 1039 2322 quoque
1102 2259 1167 2304 se
1231 2240 1437 2304 obferlz
1495 2240 1561 2303 in
1621 2237 1903 2322 Odyssea
1918 2289 1934 2317 ,
1997 2258 2140 2303 oum
2199 2239 2364 2322 apud
2418 2237 2646 2302 Circen

425 2342 724 2406 moratur.
813 2342 1050 2406 Narrat
1096 2343 1263 2406 enim
1307 2342 1525 2407 Ulixes

600 2567 667 2620 V.
699 2568 801 2622 331
844 2567 920 2620 τώ
940 2569 1074 2650 δὀὐ
1101 2566 1279 2622 λάθον
1311 2568 1559 2643 εὐρύοπα
1585 2570 1711 2637 Ζῆν’
1740 2570 1809 2623 of.
1834 2574 1946 2623 Δία
1974 2570 2097 2621 δὀὐ
2123 2568 2262 2621 λάθε
2286 2566 2640 2641 τερπικέραυ-

424 2671 524 2706 νον
560 2659 623 2705 Π
651 2653 785 2707 232.-

603 2752 668 2806 V.
701 2754 807 2808 332
847 2751 1012 2806 ἰδὼν
1048 2753 1103 2805 δ’
1122 2756 1266 2819 ἐλέη
1285 2770 1354 2807 σε
1393 2759 1628 2829 γέροντα
1668 2754 2020 2808 conferendus
2045 2755 2129 2807 est
2151 2769 2336 2807 versus
2358 2752 2443 2806 rh.
2472 2753 2639 2807 P44l
2708 2746 2715 2753 ’

426 2838 542 2907 (qui
577 2837 826 2891 similiter
859 2840 1007 2892 extat
1042 2839 1209 2894 etiam
1250 2840 1439 2909 T340)
1471 2844 1774 2913 μυρομένω
1813 2838 1980 2911 δ’ἄρα
2020 2836 2161 2908 τώγε
2201 2837 2370 2892 ἰδών
2406 2839 2639 2904 ἐλέησε

427 2929 695 2995 Κρονίων.

595 3022 662 3076 V.
697 3023 802 3078 335
839 3013 884 3092 ᾧ
918 3024 961 3075 κ’
1003 3025 1281 3096 ἐθέλῃσθα
1318 3038 1353 3074 σ
1393 3024 1513 3078 270.

597 3108 662 3161 V.
699 3110 803 3164 336
841 3113 1030 3168 κοίλας
1067 3110 1159 3162 ἐπὶ
1195 3114 1327 3185 νῆας
1344 3109 1577 3177 Ἀχαιῶν
1610 3107 1742 3162 alibi
1774 3107 1953 3175 simpl.
1990 3110 2175 3165 κοίλας
2209 3107 2302 3158 ἐπὶ
2330 3111 2462 3173 νῆας
2484 3107 2636 3169 Ε26,

426 3201 489 3246 H
518 3193 648 3256 372,
691 3193 814 3247 381.

597 3279 665 3332 V.
697 3278 802 3334 338
849 3282 1013 3350 πρὶν
1065 3276 1494 3344 Πηλείωνάδ’
1552 3283 1835 3332 ἱκέσθαι
1886 3277 2114 3331 offendit
2160 3276 2334 3330 forma
2380 3277 2635 3340 Πηλεί-

425 3362 563 3418 ωνά
584 3365 671 3417 δε.
744 3364 1023 3432 Nusquam
1059 3365 1201 3417 enim
1237 3364 1486 3417 suffixum
1525 3357 1593 3417 δῖ
1622 3381 1709 3433 ap.
1734 3365 1891 3418 Hom.
1927 3362 2270 3432 coniungitur
2307 3378 2427 3414 oum
2461 3359 2636 3414 homi-

424 3449 597 3504 nibus·
695 3448 836 3504 Nam
884 3449 1027 3519 quod
1074 3449 1206 3503 dicit
1250 3451 1516 3504 Homerus
1563 3449 1801 3509 Ἄϊδόςδε
1818 3493 1830 3514 ,
1900 3449 2032 3503 haee
2080 3465 2180 3502 vox
2228 3447 2407 3516 ellipsi
2462 3445 2640 3501 subst.

364 3526 371 3529 ’
424 3536 584 3587 οἶκον
621 3535 933 3604 explicanda
974 3537 1082 3598 est,
1135 3551 1296 3604 quam
1345 3536 1511 3589 etiam
1548 3536 1605 3589 in
1655 3536 1895 3590 oratione
1932 3535 2109 3589 soluta
2154 3533 2352 3603 ubique
2395 3531 2639 3587 adhiberi

424 3620 558 3675 satis
591 3624 819 3676 constat.
892 3619 1094 3686 Quodsi
1137 3621 1276 3674 forte
1317 3620 1418 3675 hoo
1457 3621 1571 3675 loeo
1610 3621 1879 3691 legeretur
1924 3620 2196 3690 genitivus
2239 3617 2633 3686 Πηλείωνόςδε,

422 3722 531 3760 non
564 3706 879 3762 haberemus
916 3722 1009 3760 our
1047 3706 1332 3761 admodum
1355 3707 1686 3761 miraremur.
1759 3706 1865 3760 Sed
1889 3706 2021 3760 haec
2043 3707 2215 3760 forma
2245 3708 2414 3758 metro
2444 3703 2634 3758 adver—

422 3792 668 3857 sabatur;
722 3793 878 3846 finxit
924 3793 1094 3860 igitur
1141 3796 1302 3860 poelza
1349 3794 1560 3846 ratione
1610 3792 1768 3860 plane
1815 3791 2060 3846 inaudita
2110 3788 2484 3857 Πηλείωνάδε.
2563 3789 2638 3841 Et

418 3881 562 3932 reete
610 3878 839 3932 fortasse
876 3877 1175 3932 Ellendt.
1213 3895 1271 3946 p.
1307 3879 1376 3934 29
1423 3878 1481 3931 in
1528 3879 1711 3931 annot.
1764 3876 2147 3932 animadvertit
2180 3876 2395 3944 poetam
2429 3874 2488 3927 in
2521 3874 2634 3926 for-

420 3964 656 4019 matione
715 3964 963 4019 vocabuli
1024 3978 1313 4018 memorem
1364 3964 1532 4017 fuisse
1586 3963 1691 4017 loci
1742 3962 1926 4031 rhaps.
1983 3970 2042 4016 X
2088 3962 2194 4015 214
2240 3966 2304 4012 Π
2313 3981 2344 4025 η
2362 3963 2392 4011 λ
2409 3965 2579 4011 είων
2597 3979 2633 4009 α

424 4050 460 4102 δ
469 4050 483 4068 ’
529 4052 727 4101 ἵκανε
764 4048 872 4101 θεὰ
909 4052 1233 4118 γλαυκῶπις
1259 4047 1487 4115 Ἀθήνη,
1539 4049 1620 4102 ita
1651 4050 1714 4101 ut
1745 4049 1986 4102 litteram
2024 4048 2059 4099 δ
2092 4047 2230 4101 falso
2269 4061 2391 4100 cum
2425 4046 2633 4109 Πηλεί-

425 4153 539 4189 ωνα
576 4133 911 4188 coniunxerit
947 4135 1377 4202 parbioulam
1415 4137 1668 4204 putans
1703 4149 1828 4203 pro
1864 4132 2143 4188 suffixo.
