2975 4825
495 1104 622 1176 DE
708 1103 1177 1177 VERSIBUS
1261 1106 1368 1177 IN
1441 1105 1917 1178 EXTREMA
1998 1101 2367 1178 ILIADIS

868 1235 1426 1312 RHAPSODIA
1497 1235 1967 1311 ITERATIS.
1994 1247 2018 1282 ¹

1290 1458 1593 1467 ——-——-

514 1600 777 1715 Versus
820 1651 1032 1717 iterati
1079 1672 1268 1735 quam
1310 1649 1550 1716 variam
1598 1670 1671 1716 ac
1715 1650 2024 1716 diversam
2081 1652 2214 1718 vim
2253 1631 2543 1728 habeant,

320 1755 534 1839 quivis
582 1755 959 1820 carminibus
984 1756 1340 1822 Homericis
1385 1775 1641 1839 operam
1675 1755 2005 1822 navaverit
2043 1758 2263 1839 sponte
2306 1755 2542 1821 intelli-

318 1861 457 1944 get.
515 1857 668 1944 Cum
695 1862 860 1924 enim
884 1859 991 1924 alii
1013 1881 1137 1926 non
1160 1861 1347 1924 modo
1370 1878 1496 1923 non
1541 1858 1893 1938 offendant,
1939 1860 2048 1925 sed
2074 1859 2281 1943 potius
2326 1878 2544 1925 neces-

320 1963 482 2029 sarii
527 1962 889 2040 videantur,
964 1963 1073 2028 alii
1127 1964 1399 2028 multum
1442 1962 1683 2028 habent
1729 1963 2105 2029 offensionis.
2212 1962 2386 2042 Quae
2442 1982 2545 2029 res

317 2066 706 2131 narrationis
759 2067 973 2131 ordine
1018 2068 1264 2148 saepius
1309 2068 1658 2150 tanguntur
1703 2066 1782 2131 ab
1818 2066 1990 2149 epico
2032 2068 2221 2150 poeta
2262 2062 2392 2132 fere
2433 2066 2545 2131 iis-

325 2169 476 2234 dem
523 2170 725 2234 verbis
771 2170 975 2235 solent
1023 2169 1322 2246 describi3
1388 2188 1548 2252 quae
1609 2169 1862 2251 quidem
1919 2188 2021 2234 res
2067 2172 2318 2235 tantum
2368 2171 2546 2235 abest

322 2276 404 2339 ut
446 2274 730 2338 habenda
774 2274 858 2338 sit
919 2274 1099 2356 quasi
1144 2293 1255 2357 pro
1301 2272 1575 2356 quadam
1619 2272 2038 2357 negligentia,
2097 2275 2170 2337 ut
2224 2273 2546 2357 proprium

319 2379 445 2443 hoc
504 2396 639 2443 esse
700 2377 1032 2444 dicendum
1105 2378 1189 2443 sit
1258 2376 1466 2462 epicae
1549 2379 1613 2442 et
1680 2376 2103 2462 simplicitatis
2175 2379 2242 2443 et
2313 2377 2545 2443 verita-

321 2481 429 2546 tis.
538 2480 681 2547 Huc
745 2482 1060 2564 pertinent
1133 2483 1406 2565 primum
1480 2481 1649 2546 vitae
1724 2480 2073 2546 cotidianae
2141 2500 2241 2546 res
2310 2500 2545 2560 omneS,

324 2584 551 2650 deinde
623 2583 866 2650 dierum
939 2605 1013 2650 ac
1082 2587 1363 2650 noctium
1437 2584 1904 2650 vicissitudines
1975 2587 2040 2650 et
2119 2604 2545 2670 quaecumque

322 2688 392 2752 in
446 2708 658 2754 rerum
713 2691 941 2755 natura
992 2689 1129 2755 fieri
1186 2689 1460 2767 solent‚²
1520 2690 1660 2753 tum
1718 2708 1790 2754 ea
1849 2708 2008 2772 quae
2066 2689 2198 2755 vita
2240 2690 2308 2754 in
2354 2689 2546 2754 armis

324 2794 472 2857 acta
536 2792 697 2857 ferre
773 2793 967 2873 solet,
1049 2793 1113 2858 id
1180 2793 1345 2876 quod
1412 2791 1681 2858 maxime
1754 2792 1833 2858 ad
1902 2794 2166 2859 Iliadem
2235 2793 2546 2877 spectat,⁸

325 2898 497 2975 tum,
572 2896 737 2961 sicut
810 2897 876 2961 in
936 2897 1245 2981 Odyssea,
1320 2916 1480 2980 quae
1542 2896 1987 2981 navigantibus
2061 2896 2306 2979 saepius
2380 2896 2546 2961 acci-

332 3063 510 3071 ——-—-·

509 3155 561 3223 1)
597 3153 664 3208 G.
699 3154 1042 3209 Hermannus
1076 3155 1157 3208 De
1192 3153 1407 3208 iteratis
1440 3153 1585 3221 apud
1621 3152 1931 3207 Homerum.

506 3257 561 3326 2)
598 3257 763 3312 Velut
808 3255 950 3329 ἦμος
989 3259 1038 3311 δ’
1078 3258 1298 3316 Ἠέλιος
1346 3254 1704 3328 μετενίσσετο
1742 3252 2078 3324 βουλυτόνδε
2115 3260 2179 3308 Π
2207 3196 2339 3319 779,
2387 3276 2408 3309 ι
2447 3256 2545 3322 58;

325 3342 485 3414 ὄφρα
522 3345 627 3412 μὲν
662 3341 812 3404 Ἠώς
850 3343 917 3410 ἦν
967 3347 1061 3396 καὶ
1103 3342 1292 3408 ἀέξετο
1348 3341 1502 3413 ἱερὸν
1547 3339 1698 3413 ἦμαρ
1745 3346 1792 3396 Θ
1826 3344 1922 3406 66,
1977 3344 2008 3393 λ
2040 3341 2137 3406 84,
2197 3362 2217 3394 ι
2256 3343 2352 3407 56,
2408 3339 2549 3414 ἦμος

327 3428 666 3502 δ’ἠριγένεια
705 3425 853 3500 φάνη
898 3426 1306 3502 ῥοδοδάκτυλος
1327 3427 1467 3486 Ἠώς
1489 3433 1546 3479 Α
1569 3427 1700 3490 477,
1740 3430 1793 3479 Ω
1820 3427 1949 3490 787,
1985 3435 2021 3493 β
2048 3428 2105 3491 1,
2144 3447 2182 3496 y
2207 3428 2328 3493 404,
2368 3428 2403 3480 δ
2426 3429 2546 3492 306,

324 3513 466 3578 431,
505 3513 639 3578 576,
678 3533 702 3567 ε
738 3513 869 3577 228,
908 3535 928 3566 ι
972 3514 1095 3577 152,
1138 3513 1263 3576 170,
1299 3513 1427 3576 307,
1465 3513 1600 3576 437,
1635 3513 1768 3576 560,
1808 3531 1841 3564 κ
1875 3512 2004 3576 187,
2044 3534 2086 3585 μ
2127 3514 2255 3578 316,
2292 3513 2355 3577 8,
2390 3532 2424 3567 ν
2463 3514 2545 3577 18,

330 3622 363 3653 ο
397 3600 526 3664 189,
565 3621 596 3674 ρ
625 3602 680 3665 1,
717 3620 747 3653 τ
770 3599 897 3677 4283
947 3598 1119 3674 αὐτὰρ
1157 3600 1285 3652 ἐπεί
1303 3616 1362 3651 κε
1398 3603 1548 3672 φανῇ
1590 3598 1724 3665 καλὴ
1761 3596 2173 3671 ῥοδοδάκτυλος
2208 3598 2348 3657 Ἠώς
2371 3605 2408 3650 Ι
2424 3600 2544 3664 707,

333 3693 398 3739 Ψ
430 3686 563 3751 109,
612 3686 725 3739 ἀλλ’
766 3686 857 3739 ὅτε
898 3685 966 3753 δὴ
1007 3682 1203 3751 δεκάτη
1239 3682 1418 3757 ἐφάνη
1458 3681 1878 3757 ῥοδοδάκτυλος
1907 3682 2045 3740 Ἠώς
2080 3691 2133 3737 Ζ
2163 3684 2292 3749 175,
2329 3685 2415 3739 vel
2451 3681 2546 3738 δύ-

326 3788 459 3825 σετο
497 3772 546 3825 δ’
551 3772 754 3840 ἠέλιος,
798 3768 1063 3825 σκιόωντο
1105 3770 1167 3824 δὲ
1207 3776 1386 3823 πᾶσαι
1427 3769 1628 3839 ἀγυιαί
1662 3776 1698 3837 β
1731 3767 1863 3832 388,
1913 3787 1952 3837 y
1987 3768 2120 3833 487,
2160 3771 2294 3834 497,
2343 3791 2372 3822 ο
2413 3770 2545 3835 185;

327 3855 534 3912 δύσετο
571 3858 617 3911 δ’
658 3859 871 3924 ἠέλιος,
908 3859 1190 3910 τετέλεστο
1231 3856 1293 3910 δὲ
1328 3856 1504 3929 ἔργον
1534 3856 1775 3924 Ἀχαιῶν
1810 3860 1873 3907 H
1903 3854 2026 3909 465.

505 3961 561 4029 3)
597 3960 761 4015 Velut
794 3960 888 4014 ille
924 3972 1110 4013 versus
1159 3957 1447 4024 δούπησεν
1483 3958 1544 4012 δὲ
1592 3957 1808 4021 πεσὼν,
1859 3955 2105 4029 ἀράβησε
2143 3958 2204 4011 δὲ
2239 3957 2409 4027 τεύχε’
2454 3959 2541 4012 ἐπ’

327 4047 484 4115 αὐτῷ
519 4052 571 4099 Λ
598 4047 727 4111 504,
773 4048 943 4111 Ε42,
982 4046 1112 4109 540,
1154 4051 1213 4097 Ν
1242 4044 1373 4108 187,
1414 4050 1460 4095 Ρ
1491 4045 1589 4109 50,
1626 4045 1757 4108 311,
1795 4043 1880 4097 vel
1920 4042 2200 4147 δούπησεν
2242 4044 2302 4097 δὲ
2341 4043 2544 4109 πεσὼν,

325 4132 472 4187 κατὰ
514 4133 574 4186 δὲ
609 4130 810 4191 σκότος
841 4131 974 4186 όσσε
1008 4130 1256 4200 κάλυψεν
1297 4135 1341 4184 Ο
1366 4129 1494 4194 578,
1533 4135 1597 4183 Π
1615 4130 1744 4195 3253
1778 4128 1865 4183 vel
1904 4158 1969 4169 —
2008 4129 2037 4181 ὁ
2073 4128 2392 4190 δ’ἒπεύξατο
2427 4149 2549 4199 φω-

324 4222 498 4286 νησέν
537 4235 596 4271 τε
633 4223 693 4270 Ν
712 4218 844 4281 373,
892 4217 1089 4281 Υ388,
1125 4216 1212 4271 vel
1248 4214 1424 4270 simile
1457 4212 1604 4285 quid.

2048 4304 2130 4363 1*

2957 211 2975 364 ,fl—
