2975 4825
2417 309 2495 367 31

359 475 460 557 ἐξ
498 478 781 541 ἵππων
822 467 1304 563 άπῇοβάντες
1348 473 1464 542 ἐπὶ
1505 471 1720 555 χθόνα
1759 471 2051 562 φώνησέν
2089 497 2203 555 τε,·

263 602 392 648 1166
440 601 567 647 11611
612 602 669 648 v.
708 588 835 647 463
887 600 1031 646 611111
1071 581 1308 646 faceret

359 674 512 749 οὐδ’
541 675 836 770 Ἀχιλῆος
873 674 1288 770 Ὀφθαλμοὺς
1318 677 1555 764 εἴσειμι
1576 703 1589 715 ·
1634 679 2018 767 νεμεσσητὸν
2050 677 2124 745 δέ
2153 704 2257 745 κεν
2286 675 2506 767 εἰἠ....

271 789 569 853 eiusdem
611 789 821 871 rhaps.
865 788 1232 853 reeordatus
1277 789 1405 865 est,
1452 786 1617 869 quod
1665 787 1769 869 qui
1813 806 1874 851 v.
1920 792 2050 849 410
2095 784 2433 850 contulerit

359 894 547 955 κεῖσε
591 881 660 955 δ’
693 887 853 973 ἐγών
899 880 1045 954 οὐκ
1089 881 1254 972 εἶμι
1287 928 1368 937 --
1399 887 1916 975 νεμεσσητὸν
1959 884 2046 952 δέ
2088 911 2221 953 κεν
2267 883 2387 974 εἴη
2418 925 2503 934 -—-

269 998 455 1061 certe
515 1014 642 1059 non
696 995 971 1078 negabit.
1073 993 1234 1059 Sane
1309 993 1570 1059 offendit
1640 991 1924 1075 pannum
1994 992 2094 1076 (ut
2156 992 2317 1057 vidit
2371 992 2503 1057 iam

268 1100 702 1180 Liesegang
744 1117 805 1179 p.
840 1099 945 1180 11)
978 1098 1143 1180 quod
1173 1100 1385 1162 noster
1417 1099 1605 1178 poeta
1636 1096 1714 1161 ab
1740 1115 1859 1160 usu
1890 1095 2181 1174 Homeri,
2226 1096 2332 1177 qui
2361 1095 2502 1160 ubi-

270 1220 400 1283 que
465 1202 552 1284 (Γ
585 1207 749 1278 410,
812 1196 878 1269 Ξ
917 1205 1080 1279 335,
1131 1222 1173 1278 χ
1215 1202 1371 1283 488)
1432 1200 1634 1266 altero
1687 1199 2085 1265 hemistichio
2145 1199 2347 1263 utitm·
2387 1217 2500 1279 pro

269 1304 791 1387 interpositione,
831 1305 950 1368 hoe
992 1303 1129 1368 loeo
1175 1305 1470 1379 recessit3
1520 1301 1630 1368 sed
1671 1320 1870 1368 novus
1911 1320 2064 1366 usus
2094 1302 2246 1366 ferri
2273 1302 2502 1384 potest,

271 1406 370 1472 ita
409 1409 490 1472 ut
535 1426 784 1473 versum
828 1409 1193 1491 sequentem
1236 1406 1415 1471 obelo
1458 1408 1676 1472 notare
1721 1408 1906 1489 plane
1951 1424 2078 1470 non
2122 1424 2277 1488 opus
2320 1405 2423 1469 sit.

462 1510 696 1592 Rhaps.
741 1513 803 1570 Γ
844 1516 968 1574 395

366 1605 463 1687 ὣς
503 1606 709 1697 φάτο,
755 1616 833 1699 τῇ
875 1607 939 1675 δ’
986 1606 1147 1696 ἄρα
1186 1607 1457 1693 θυμὸν
1498 1607 1623 1676 ἐνὶ
1684 1607 2147 1698 στήθεσσιν
2191 1605 2464 1695 ὄρινεν
2545 1657 2554 1668 .

365 1715 502 1798 (vel
540 1716 601 1776 P
634 1719 757 1778 123
802 1706 890 1791 ὣς
943 1709 1124 1799 ἔφατ’
1173 1708 1418 1777 Αἴαντι
1465 1712 1539 1778 δὲ
1579 1713 1885 1803 δαΐφρονι
1931 1713 2145 1796 θὐμὸν
2188 1708 2422 1799 ὄρινεν)

274 1819 497 1901 potest
543 1819 737 1883 etiam
781 1817 1112 1884 obversata
1151 1835 1285 1903 esse
1333 1820 1554 1901 poetae
1602 1839 1660 1884 v.
1701 1825 1827 1883 467
1970 1819 1976 1827 ”

373 1915 601 1984 λίσσεο
651 1916 766 1983 καὶ
804 1916 1054 2001 τέκεος,
1102 1919 1236 1982 ἵνα
1281 1916 1361 1983 οὶ
1418 1919 1556 1984 σὺν
1592 1921 1865 2004 θυμὸν
1909 1911 2245 2006 ὀρίνῃς.1

462 2026 524 2084 Γ
562 2030 685 2088 398
747 2022 975 2089 dieitur
1030 2024 1105 2088 de
1165 2023 1410 2089 Helena
1472 2027 1727 2110 propter
1790 2024 2185 2109 repentinum
2242 2021 2505 2087 Veneris

280 2124 629 2193 adventum
674 2127 1151 2211 obstupescente

365 2225 808 2315 θάμβησέν
851 2219 911 2292 τ>
959 2224 1087 2314 ἄρ’
1138 2223 1369 2293 ἔπειτα
1414 2224 1579 2306 ἔπος
1622 2219 1676 2292 τ’
1722 2220 1920 2314 ἔφατ’
1970 2224 2041 2293 ἔκ
2083 2219 2139 2291 τ’
2170 2223 2508 2310 ὀνόμαζεν,·

277 2331 385 2395 1116
432 2351 490 2396 v.
522 2338 649 2396 483

368 2425 461 2511 ὣς
525 2425 801 2514 Ἀχιλεὺς
856 2431 1299 2521 θάμβησεν
1354 2432 1514 2500 ἰδών
1574 2428 1879 2521 Πριάμου
1925 2432 2248 2500 θεοειδέα.

277 2536 518 2603 Versus
566 2539 672 2621 qui
716 2538 996 2620 sequitur

365 2637 727 2726 θάμβησαν
773 2637 845 2704 δὲ
884 2637 991 2703 καὶ
1038 2634 1256 2718 ἄλλοι,
1299 2638 1366 2717 ἐς
1409 2634 1720 2728 ἀλλήλους
1764 2639 1836 2707 δὲ
1880 2636 2118 2722 ἴδοντο,

279 2744 353 2808 ut
400 2743 696 2826 Lieseg
713 2744 944 2827 angio
991 2764 1049 2826 p.
1085 2751 1200 2822 13,
1245 2745 1400 2808 mihi
1451 2764 1695 2829 quoque
1739 2764 1865 2811 non
1911 2745 2066 2811 satis
2112 2746 2257 2828 apte
2300 2741 2504 2809 dietus

281 2863 423 2909 esse
468 2845 734 2912 videtur.
828 2845 1131 2931 ‘Quinam
1188 2848 1337 2912 sunt
1390 2847 1460 2911 111
1521 2848 1676 2912 alii?
1759 2846 2160 2913 Automedon
2220 2849 2285 2911 et
2327 2845 2505 2909 Alei-

280 2967 425 3014 mus
440 2952 473 3012 1)
523 2949 716 3013 ceteri
756 2949 1078 3014 ministri?
1168 2968 1321 3033 quos
1363 2950 1518 3015 satis
1564 2952 1765 3015 otiose
1817 2951 1974 3015 nihil
2019 2952 2277 3034 agentes
2323 2948 2504 3012 finxit

280 3041 506 3133 poeta.³
599 3050 857 3116 Credo
910 3052 1086 3116 toto
1146 3071 1394 3118 versu
1434 3052 1678 3137 plane
1737 3071 1883 3117 nos
1921 3071 2162 3136 posse
2211 3069 2501 3135 super-

295 3207 2502 3243 —.————‚.—-—..-——.....—..-.—

461 3297 528 3350 V.
565 3297 670 3353 468
706 3298 920 3367 saepius
954 3299 1156 3368 legitur
1193 3314 1280 3367 ap.
1323 3298 1483 3353 Hom.

457 3382 526 3436 V.
563 3382 667 3438 473
700 3388 774 3452 τῷ
799 3386 862 3438 δὲ
888 3383 982 3438 δύ’
1014 3389 1115 3438 οἴω
1137 3387 1416 3453 praeterea
1436 3386 1653 3439 tantum
1678 3384 1827 3439 extat
1860 3383 1891 3443 ξ
1905 3385 1989 3439 94.
2028 3382 2181 3441 Conf.
2206 3382 2501 3437 Ellendt.

459 3551 526 3606 V.
563 3552 668 3608 476
703 3553 888 3607 ἔσθων
920 3557 1013 3606 καὶ
1049 3560 1232 3607 πίνων
1267 3555 1423 3609 initio
1457 3571 1644 3609 versus
1686 3573 1720 3607 κ
1756 3554 1887 3618 272,
1925 3574 1958 3607 υ
1988 3554 2109 3608 337.

464 3637 527 3690 V.
563 3638 668 3694 482
703 3638 1100 3693 hemistichium
1151 3640 1381 3694 alterum
1429 3638 1651 3710 θάμβος
1696 3639 1760 3694 δ’
1800 3640 1914 3710 ἔχει
1953 3640 2034 3709 (δ’
2060 3640 2207 3709 ἔχεν)
2244 3637 2501 3713 εῐςορόω-

285 3738 416 3780 ντας
463 3722 694 3789 legimus
742 3724 907 3778 etiam
946 3730 996 3776 Γ
1022 3725 1126 3780 342
1164 3727 1221 3778 et
1254 3731 1307 3778 A
1339 3726 1424 3781 79.
1497 3725 1580 3783 Cf.
1621 3726 1760 3795 quod
1805 3726 2018 3794 saepius
2062 3725 2258 3781 dicitur
2309 3725 2500 3794 ‘adfines'

284 3806 351 3874 μ’
390 3807 505 3874 ἔχει
541 3806 916 3881 εἵσορόωντα’.

464 4016 518 4083 1)
566 4015 816 4086 Praepos.
866 4016 970 4071 σὺν
1015 4018 1117 4071 1166
1164 4018 1280 4072 1666
1323 4035 1432 4073 11611
1481 4020 1617 4073 satis
1648 4023 1833 4088 aptam
1869 4036 1985 4073 esse
2019 4020 2157 4073 vidit
2192 4021 2497 4075 Ellendt.

254 4113 338 4166 ¹1).
376 4101 508 4164 109;
555 4101 621 4158 of.
656 4106 844 4158 eontra.
875 4108 938 4156 A
971 4103 1075 4161 792
1106 4120 1183 4172 sq.
1222 4107 1279 4158 et
1318 4109 1363 4158 Ο
1395 4106 1501 4160 403
1538 4120 1616 4172 sq.
1654 4112 1739 4164 τίς
1775 4103 1837 4155 δ’
1873 4103 1989 4154 οἷδ’
2047 4109 2101 4155 εἴ
2130 4109 2223 4156 κέν
2257 4109 2329 4156 οἱ
2366 4103 2494 4159 σὺν

288 4184 520 4255 δαίμονι
555 4188 794 4256 θυμὸν
829 4186 1116 4258 ὀρίναις
1153 4187 1486 4264 Παρειπών,·
