2975 4825
447 309 527 369 18

527 469 774 561 ψεῦδός
814 498 917 540 κεν
952 478 1193 560 φαῖμεν
1235 474 1346 541 καὶ
1387 474 1863 563 νοσφιζοίμεθα
1903 477 2175 558 μᾶλλον·

526 581 630 642 νῦν
675 569 736 642 δ’
778 574 914 643 ἴδεν
960 568 1033 655 ὃς
1075 570 1212 662 μέγ’
1258 574 1522 664 ἄριστος
1551 576 1825 659 Ἀχαιῶν
1857 575 2118 659 ,εὔχεται
2163 571 2345 643 εἶναι.

601 699 798 762 Plane
841 699 1031 763 simili
1077 700 1392 763 sententia
1436 701 1628 763 etiam
1671 702 1856 782 poeta
1895 699 2040 764 libri
2082 698 2292 764 XXIV
2329 699 2665 763 Priamum

440 800 735 865 Hecubae
781 802 987 879 uxori,
1036 821 1192 884 quae
1242 801 1559 867 dissuadet
1604 803 1856 886 coniugi
1899 805 1972 867 ut
2015 804 2079 865 in
2122 805 2330 867 castra
2372 802 2661 867 Achivo-

440 923 583 967 rum
642 904 1104 988 proficiscatm·‚
1172 905 1327 969 facit
1384 901 1759 987 probantem
1816 904 1903 991 (v.
1954 911 2176 968 220—-
2200 904 2385 991 223),
2460 925 2662 987 quare

442 1007 562 1071 sibi
608 1006 881 1071 eundum
925 1008 1026 1070 sit.
1116 1009 1393 1072 Imitatio
1442 1009 1792 1073 certissima
1844 1010 1971 1083 est;
2036 1008 2269 1072 etenim
2312 1008 2512 1090 primo
2556 1009 2664 1071 illi

438 1112 649 1174 versui
693 1108 952 1175 alterius
1008 1110 1376 1192 rhapsodiae
1436 1111 1506 1173 in
1553 1111 1673 1175 hoc
1732 1109 1891 1174 libro
1940 1111 2253 1175 sententia
2297 1111 2419 1174 loci
2467 1112 2659 1197 flagi-

438 1215 615 1277 tante
658 1211 994 1296 respondet
1036 1214 1140 1276 hic
1186 1231 1402 1277 versus

527 1310 595 1378 εἶ
638 1312 790 1395 μὲν
831 1313 978 1399 γάρ
1023 1310 1160 1389 τίς
1208 1305 1286 1394 μ’
1333 1310 1582 1389 ἄλλος
1627 1310 2146 1395 ἐπιχθονίων
2193 1311 2565 1377 ἐκέλευεν

441 1420 507 1482 et
550 1417 835 1481 additum
881 1420 979 1482 est

527 1514 593 1604 (ἢ
639 1513 700 1581 οἳ
741 1515 1003 1600 μάντιές
1046 1514 1203 1598 εἶσι,
1251 1516 1571 1584 θυόσκοοι
1614 1514 1655 1605 ἢ
1697 1513 1939 1605 ἱερῆες).

439 1620 762 1687 Secundus
826 1642 1043 1687 versus
1106 1625 1280 1687 extat
1344 1624 1410 1685 in
1477 1625 1694 1688 nostro
1764 1622 1926 1687 libro
1996 1642 2075 1686 ne
2142 1622 2329 1687 verbo
2398 1622 2658 1704 quidem

438 1725 684 1789 mutato

530 1824 829 1912 ψεῦδός
866 1850 998 1890 κεν
1045 1830 1353 1911 φαῖμεν
1396 1824 1529 1890 καὶ
1568 1823 2202 1912 νοσφιζοίμεθα
2246 1826 2575 1909 μᾶλλον,

442 1951 515 1995 ac
563 1950 640 1994 ne
685 1930 911 1995 tertius
957 1930 1207 2013 quidem

525 2038 656 2096 νῦν
697 2022 865 2096 6³-—
915 2023 1160 2108 αὐτὸς
1201 2030 1348 2115 γὰρ
1406 2027 1732 2095 ἄκουσα
1789 2035 1989 2095 θεοῦ
2036 2029 2179 2095 καὶ
2222 2028 2665 2116 ἐσέδρακον

2116 2128 2349 2219 ἄντην.
2396 2173 2477 2180 —-

529 2213 719 2303 εἶμι.

439 2326 812 2391 imitationis
869 2325 1140 2408 vestigia
1195 2323 1412 2389 celat.¹
1456 2361 1543 2371 —
1648 2323 1725 2388 V.
1777 2330 1903 2388 144
1960 2324 2133 2406 prius
2191 2323 2668 2389 hemistichium

435 2424 639 2492 Boion'
677 2423 821 2506 ἴθι,
857 2420 982 2511 Ἰρι
1011 2430 1264 2507 ταχεῖα,
1311 2426 1498 2493 sicuti
1529 2428 1736 2494 etiam
1776 2450 1837 2494 v.
1884 2447 2010 2511 seq.
2030 2476 2046 2506 ,
2090 2428 2323 2512 legitur
2369 2428 2559 2494 etiam
2587 2427 2665 2489 in

449 2534 507 2595 Θ
558 2539 700 2597 399.
791 2531 966 2596 Idem
1009 2531 1339 2596 dicendum
1386 2535 1482 2598 est
1525 2532 1601 2596 de
1645 2553 1704 2597 v.
1750 2540 1849 2597 77.

616 2650 936 2715 Vertimus
995 2670 1110 2715 nos
1176 2652 1256 2715 ad
1316 2670 1538 2716 versus
1600 2649 1902 2734 quosdam
1969 2670 2041 2714 ex
2107 2652 2279 2716 sexto
2341 2649 2665 2732 Odysseae

443 2753 602 2818 libro
649 2753 1065 2837 depromptos.

618 2870 845 2934 Versui
891 2870 1057 2933 enim
1106 2876 1228 2933 189

527 2967 785 3057 αὐτὰρ
826 2962 943 3053 ὅγ’
990 2961 1177 3053 υἷας
1218 2966 1532 3052 ἅμαξαν
1578 2966 1965 3056 ἐΰτροχον
2012 2965 2440 3057 ἡμιονείην

532 3070 894 3139 ὁπλίσαι
949 3064 1243 3160 ἠνώγει

614 3291 678 3344 V.
714 3290 818 3346 170
868 3289 1098 3344 alterum
1143 3289 1544 3343 hemistichium
1593 3289 1840 3344 similiter
1894 3306 2277 3359 nonnunquam
2322 3289 2524 3358 legitur
2564 3306 2658 3357 ap.

441 3376 600 3428 Hom.
670 3375 735 3429 In
775 3382 825 3428 Γ
848 3378 917 3432 84
956 3376 1042 3445 (ex
1077 3375 1193 3430 ead.
1231 3375 1312 3431 rh.
1352 3391 1517 3444 supra
1551 3378 1759 3430 sumtus
1795 3378 1913 3431 erat
1948 3392 2001 3430 v.
2037 3377 2125 3444 91)
2177 3376 2379 3444 legitur
2415 3371 2543 3428 ὑπό
2583 3394 2661 3429 τε

435 3459 692 3534 τρόμος
739 3461 986 3529 ἔλλαβε
1039 3468 1234 3529 γυῖα,·
1292 3478 1323 3512 σ
1361 3460 1433 3514 88
1475 3465 1550 3529 τῷ
1589 3461 1721 3514 δ’ἔτι
1767 3463 1984 3532 μᾶλλον
2025 3459 2132 3513 ὑπὸ
2184 3459 2387 3533 τρόμος
2419 3459 2528 3511 ἔλλ.
2569 3479 2663 3528 y.‚·

444 3550 490 3599 Θ
511 3546 617 3602 452
652 3552 836 3617 σφῶϊν
870 3546 932 3599 δὲ
967 3549 1103 3619 πρίν
1136 3564 1242 3619 περ
1266 3543 1473 3620 τρόμος
1509 3545 1701 3613 ἔλλαβε
1726 3546 1976 3617 φαίδιμα
2013 3553 2161 3614 γυῖα.
2232 3545 2347 3600 Hoc
2379 3545 2498 3599 loco
2532 3542 2663 3597 τὸν

440 3630 512 3683 δὲ
547 3629 813 3703 τρόμος
849 3631 1105 3697 ἔλλαβε
1137 3637 1311 3699 γυῖα
1344 3630 1584 3685 notanda
1615 3633 1699 3685 est
1732 3632 2032 3686 structurae
2069 3631 2320 3686 varietas.

612 3715 679 3767 V.
721 3714 822 3771 175
862 3745 930 3754 —
971 3714 1071 3768 187
1109 3739 1177 3758 =
1215 3715 1532 3772 146—158.

613 3800 680 3853 V.
718 3802 823 3856 188
860 3802 1007 3854 extat
1041 3800 1204 3854 etiam
1240 3805 1302 3852 A
1338 3801 1476 3863 210,
1514 3806 1570 3853 Σ
1600 3800 1720 3856 202.

610 3885 676 3936 V.
721 3886 1016 3942 195—196
1052 3910 1121 3931 =
1160 3885 1458 3940 118—119
1495 3910 1563 3929 -—-
1603 3887 1904 3942 146—-147
1940 3908 2010 3928 =
2048 3883 2364 3939 175—176.

612 4087 664 4155 1)
702 4086 952 4141 Ceterum
992 4085 1282 4142 scholiasta
1319 4087 1407 4140 vel
1449 4087 1500 4142 is
1536 4102 1694 4157 quem
1744 4090 1958 4144 secutus
2007 4090 2093 4141 est
2125 4102 2234 4140 non
2279 4086 2425 4140 recte
2462 4098 2655 4139 versus

438 4186 654 4223 sensum
690 4172 748 4224 in
780 4178 833 4223 B
867 4171 1195 4226 intellexisse
1232 4172 1460 4224 videtur.
